Row ID,Order ID,Order Date,Ship Date,Ship Mode,Customer ID,Customer Name,Segment,Country,City,State,Postal Code,Region,Product ID,Category,Sub-Category,Product Name,Sales,Quantity,Discount,Profit
1,CA-2017-114412,4/15/2017,4/20/2017,Standard Class,NN-10480,Noor Neelofa,Consumer,Malaysia,Kota Kinabalu,Sabah ,88000,East,OFF-PA-10002365,Office Supplies,Paper,Xerox 1967,15.552,3,0.2,5.4432
2,CA-2016-111682,6/17/2016,6/18/2016,First Class,HD-21055,Hannah Delisha,Consumer,Malaysia,Kuching,Sarawak,93000,East,OFF-PA-10001569,Office Supplies,Paper,Xerox 232,32.4,5,0,15.552
3,CA-2015-135545,11/24/2015,11/30/2015,Standard Class,NP-16720,Nithya Puspanathan,Consumer,Malaysia,Putrajaya ,Putrajaya ,62000,West,OFF-PA-10003892,Office Supplies,Paper,Xerox 1943,146.73,3,0,68.9631
4,CA-2016-109806,9/17/2016,9/22/2016,Standard Class,MS-15685,Meng Sih Pau,Corporate,Malaysia,Keningau,Sabah ,89000,East,OFF-PA-10000304,Office Supplies,Paper,Xerox 1995,6.48,1,0,3.1104
5,CA-2015-149587,1/31/2015,2/5/2015,Second Class,ZT-16315,Zhong Tiak Lao,Consumer,Malaysia,Pulau Pinang	,Pulau Pinang,10100,West,OFF-PA-10003177,Office Supplies,Paper,Xerox 1999,12.96,2,0,6.2208
6,CA-2014-115259,8/25/2014,8/27/2014,Second Class,BN-19960,Ban Nai Hok,Consumer,Malaysia,Ranau,Sabah ,89300,East,OFF-PA-10004965,Office Supplies,Paper,Xerox 1921,23.976,3,0.2,7.4925
7,US-2017-164147,2/2/2017,2/5/2017,First Class,CA-13585,Che Ashrof Aizat,Corporate,Malaysia,Muar,Johor ,84000,West,OFF-PA-10002377,Office Supplies,Paper,Xerox 1916,78.304,2,0.2,29.364
8,CA-2016-145583,10/13/2016,10/19/2016,Standard Class,HF-16885,Hajjah Farahtasha Akid binti Alilah Adieka,Consumer,Malaysia,Nusajaya,Johor ,79200,West,OFF-PA-10001804,Office Supplies,Paper,Xerox 195,20.04,3,0,9.6192
9,CA-2016-145583,10/13/2016,10/19/2016,Standard Class,YK-16885,Yep Khan Guk,Consumer,Malaysia,Serian,Sarawak ,94700,East,OFF-PA-10001736,Office Supplies,Paper,Xerox 1880,35.44,1,0,16.6568
10,CA-2017-106180,9/18/2017,9/23/2017,Standard Class,MS-19975,Mohamed Shamsudin Haiqal bin Amier,Corporate,Malaysia,Jerantut,Pahang ,27000,West,OFF-PA-10004327,Office Supplies,Paper,Xerox 1911,143.7,3,0,68.976
11,CA-2015-124919,5/31/2015,6/2/2015,First Class,CL-20650,Chai Lian Cham,Corporate,Malaysia,Gemencheh,Negeri Sembilan ,73300,West,OFF-PA-10002254,Office Supplies,Paper,Xerox 1883,105.52,4,0,48.5392
12,CA-2016-162733,5/11/2016,5/12/2016,First Class,CL-21070,Chou La Dai,Consumer,Malaysia,Bintulu,Sarawak ,97000,East,OFF-PA-10002751,Office Supplies,Paper,Xerox 1920,5.98,1,0,2.691
13,CA-2014-118962,8/5/2014,8/9/2014,Standard Class,NH-12130,Nur Hjh Suaidah binti Nik Izad,Consumer,Malaysia,Kota Kinabalu,Sabah ,88000,East,OFF-PA-10001144,Office Supplies,Paper,Xerox 1913,110.96,2,0,53.2608
14,CA-2015-102281,10/12/2015,10/14/2015,First Class,NZ-17470,Nik Zakii bin Noorizman Dolkefli,Home Office,Malaysia,Bau,Sarawak ,94000,East,OFF-PA-10000061,Office Supplies,Paper,Xerox 205,51.84,8,0,24.8832
15,CA-2017-160514,11/12/2017,11/16/2017,Standard Class,NL-13120,Ngeow La Ee,Corporate,Malaysia,Bau,Sarawak,94000,East,OFF-PA-10002479,Office Supplies,Paper,Xerox 4200 Series MultiUse Premium Copy Paper (20Lb. and 84 Bright),10.56,2,0,4.752
16,CA-2016-157749,6/4/2016,6/9/2016,Second Class,PH-16645,Priya Haridas a/l Arasu Kumar,Consumer,Malaysia,Kuala Lumpur,Kuala Lumpur,50800,West,OFF-PA-10003349,Office Supplies,Paper,Xerox 1957,25.92,5,0.2,9.396
17,CA-2014-131926,6/1/2014,6/6/2014,Second Class,NA-13480,Nur Aina Hasif,Home Office,Malaysia,Ipoh,Perak ,30000,West,OFF-PA-10000061,Office Supplies,Paper,Xerox 205,25.92,4,0,12.4416
18,CA-2015-130883,9/26/2015,10/2/2015,Standard Class,JY-21520,Jimmy Yeong Kong Liu,Consumer,Malaysia,Rembau,Negeri Sembilan,71400,West,OFF-PA-10004100,Office Supplies,Paper,Xerox 216,31.104,6,0.2,10.8864
19,CA-2016-142545,10/28/2016,11/3/2016,Standard Class,MS-15895,Mohamed Syed Shohaimi Helmi bin Salamon Ikram,Corporate,Malaysia,Raub,Pahang ,27600,West,OFF-PA-10002105,Office Supplies,Paper,Xerox 223,32.4,5,0,15.552
20,CA-2016-142545,10/28/2016,11/3/2016,Standard Class,SE-15895,Shoba Elavarasan a/l Yugendran Sakwati,Corporate,Malaysia,Kuala Lumpur,Kuala Lumpur,50400,West,OFF-PA-10004243,Office Supplies,Paper,Xerox 1939,56.91,3,0,27.3168
21,CA-2014-167850,8/9/2014,8/16/2014,Standard Class,SA-10525,Shanti Alagaratnam a/l Indi Marimuthu,Corporate,Malaysia,Puchong,Selangor ,47100,West,OFF-PA-10001937,Office Supplies,Paper,Xerox 21,15.552,3,0.2,5.4432
22,CA-2016-129714,9/1/2016,9/3/2016,First Class,NF-10060,Nor Farisha binti Fitri Ahwali,Home Office,Malaysia,Maran,Pahang ,26500,West,OFF-PA-10001970,Office Supplies,Paper,Xerox 1881,24.56,2,0,11.5432
23,CA-2016-129714,9/1/2016,9/3/2016,First Class,MN-10060,Muhammad Nazhan Haris bin Amiruddin,Home Office,Malaysia,Kuantan,Pahang ,25700,West,OFF-PA-10001970,Office Supplies,Paper,Xerox 1881,49.12,4,0,23.0864
24,CA-2017-104745,5/29/2017,6/4/2017,Standard Class,CH-14755,Cha Hok Xing,Consumer,Malaysia,Putrajaya ,Putrajaya ,62000,West,OFF-PA-10002036,Office Supplies,Paper,Xerox 1930,25.92,5,0.2,9.396
25,US-2016-134656,9/28/2016,10/1/2016,First Class,GC-18280,Goh Chao Moh,Corporate,Malaysia,Jeli,Kelantan ,17600,West,OFF-PA-10003039,Office Supplies,Paper,Xerox 1960,99.136,4,0.2,30.98
26,CA-2017-165603,10/17/2017,10/19/2017,Second Class,NH-20140,Nur Hajjah Camelia Rashidi,Corporate,Malaysia,Putrajaya ,Putrajaya ,62000,West,OFF-PA-10002552,Office Supplies,Paper,Xerox 1958,12.96,2,0,6.2208
27,CA-2014-113166,12/24/2014,12/26/2014,First Class,NA-17185,Nik Azizan Isyrafi bin Syed Jasni Adam,Consumer,Malaysia,Asahan,Melaka ,77100,West,OFF-PA-10001947,Office Supplies,Paper,Xerox 1974,9.568,2,0.2,3.4684
28,CA-2017-117457,12/8/2017,12/12/2017,Standard Class,KP-16510,Kavita Petriba a/l Jeyakumar Parthiban,Consumer,Malaysia,Durian Tunggal,Melaka ,76100,West,OFF-PA-10001970,Office Supplies,Paper,Xerox 1908,55.98,1,0,27.4302
29,CA-2017-142636,11/3/2017,11/7/2017,Standard Class,MK-16675,Mohamad Khasmadi bin Wan Shameer Harmaini,Corporate,Malaysia,Sandakan,Sabah ,90300,East,OFF-PA-10000157,Office Supplies,Paper,Xerox 191,139.86,7,0,65.7342
30,CA-2017-154816,11/6/2017,11/10/2017,Standard Class,MM-21745,Mohammad Mokhtar Akmal bin Habib,Corporate,Malaysia,Sandakan,Sabah ,90300,East,OFF-PA-10003845,Office Supplies,Paper,Xerox 1987,5.78,1,0,2.8322
31,CA-2016-147375,6/12/2016,6/14/2016,Second Class,TY-19180,Teng Ying Cheong,Home Office,Malaysia,Beaufort,Sabah ,89800,East,OFF-PA-10001970,Office Supplies,Paper,Xerox 1908,313.488,7,0.2,113.6394
32,CA-2017-130043,9/15/2017,9/19/2017,Standard Class,MN-11545,Mohammed Nazhan bin Irfan,Corporate,Malaysia,Seremban	,Negeri Sembilan,70700,West,OFF-PA-10002230,Office Supplies,Paper,Xerox 1897,31.872,8,0.2,11.5536
33,CA-2014-144666,11/9/2014,11/11/2014,Second Class,MK-15520,Mah Khai Mou,Consumer,Malaysia,Pasir Raja,Terengganu ,23200,West,OFF-PA-10003465,Office Supplies,Paper,Xerox 1912,94.85,5,0,45.528
34,CA-2017-162929,11/19/2017,11/22/2017,First Class,LF-10135,Liew Fay Fuk,Home Office,Malaysia,Ipoh,Perak ,30600,West,OFF-PA-10002986,Office Supplies,Paper,Xerox 1898,13.36,2,0,6.4128
35,CA-2016-113243,6/10/2016,6/15/2016,Standard Class,NS-18730,Nur Syamimi Syuraih binti Che Hafizhan,Consumer,Malaysia,Puchong,Selangor ,47100,West,OFF-PA-10003441,Office Supplies,Paper,Xerox 226,32.4,5,0,15.552
36,CA-2017-156951,10/1/2017,10/8/2017,Standard Class,RT-13840,Ramasamy Thivy a/l Vanajah,Corporate,Malaysia,Putrajaya ,Putrajaya ,62000,West,OFF-PA-10004451,Office Supplies,Paper,Xerox 222,19.44,3,0,9.3312
37,US-2016-156986,3/20/2016,3/24/2016,Standard Class,ES-21910,En Shen Mo,Consumer,Malaysia,Papar,Sabah ,89600,East,OFF-PA-10002005,Office Supplies,Paper,Xerox 225,20.736,4,0.2,7.2576
38,US-2016-156986,3/20/2016,3/24/2016,Standard Class,SK-21910,Seah Khor Qu,Consumer,Malaysia,Jerteh,Terengganu ,22000,West,OFF-PA-10004101,Office Supplies,Paper,Xerox 1894,10.368,2,0.2,3.6288
39,CA-2014-149958,3/15/2014,3/19/2014,Standard Class,SK-10240,Santhara Kundargal,Consumer,Malaysia,Permaisuri,Terengganu ,22100,West,OFF-PA-10002120,Office Supplies,Paper,Xerox 1889,131.904,3,0.2,47.8152
40,CA-2016-121223,9/11/2016,9/13/2016,Second Class,TW-14590,Tew Wo Soong,Corporate,Malaysia,Putrajaya ,Putrajaya ,62100,West,OFF-PA-10001204,Office Supplies,Paper,Xerox 1972,8.448,2,0.2,2.64
41,US-2017-127719,7/21/2017,7/25/2017,Standard Class,MU-21025,Mohamed Umair bin Nasrul Noraslan,Home Office,Malaysia,Sungai Udang	,Melaka ,76300,West,OFF-PA-10001934,Office Supplies,Paper,Xerox 1993,6.48,1,0,3.1752
42,CA-2017-140844,6/19/2017,6/23/2017,Standard Class,MS-10405,Mahathir Surendran a/l Robbat,Corporate,Malaysia,Permaisuri,Terengganu ,22100,West,OFF-PA-10003892,Office Supplies,Paper,Xerox 1943,97.82,2,0,45.9754
43,CA-2014-157784,7/5/2014,7/8/2014,First Class,WW-17845,Wong Whey Kian,Consumer,Malaysia,Ipoh,Perak,30200,West,OFF-PA-10000304,Office Supplies,Paper,Xerox 1995,19.44,3,0,9.3312
44,CA-2015-131534,3/28/2015,4/2/2015,Standard Class,HA-10165,Hazwani Adam binti Nordin,Consumer,Malaysia,Putrajaya ,Putrajaya ,62300,West,OFF-PA-10000743,Office Supplies,Paper,Xerox 1977,33.4,5,0,16.032
45,CA-2014-138527,9/12/2014,9/17/2014,Standard Class,QS-11470,Quan Soon Suang,Corporate,Malaysia,Kampung Raja	,Terengganu ,22200,West,OFF-PA-10001800,Office Supplies,Paper,Xerox 220,10.368,2,0.2,3.6288
46,US-2016-150861,12/3/2016,12/6/2016,First Class,QN-13900,Qu Nai Tam,Consumer,Malaysia,Kuala Lumpur,Kuala Lumpur,50300,West,OFF-PA-10001954,Office Supplies,Paper,Xerox 1964,182.72,8,0,84.0512
47,US-2016-146710,8/27/2016,9/1/2016,Standard Class,SG-20875,Sia Gung Jye,Consumer,Malaysia,Tumpat,Kelantan ,16200,West,OFF-PA-10004971,Office Supplies,Paper,Xerox 196,4.624,1,0.2,1.6762
48,CA-2015-112319,8/31/2015,9/5/2015,Standard Class,CH-10510,Chiam Hung Look,Consumer,Malaysia,Lubok China	,Melaka ,78100,West,OFF-PA-10003441,Office Supplies,Paper,Xerox 226,58.32,9,0,27.9936
49,CA-2015-144267,8/21/2015,8/23/2015,First Class,FZ-18565,Foo Zhee Miu,Home Office,Malaysia,Kota Bharu	,Kelantan ,15000,West,OFF-PA-10000157,Office Supplies,Paper,Xerox 191,59.94,3,0,28.1718
50,CA-2015-144267,8/21/2015,8/23/2015,First Class,MS-18565,Muhamed Sahamudin bin Shaiful,Home Office,Malaysia,Putrajaya ,Putrajaya ,62300,West,OFF-PA-10001947,Office Supplies,Paper,Xerox 1974,23.92,4,0,11.7208
51,CA-2015-144267,8/21/2015,8/23/2015,First Class,HN-18565,Hjh Nordiana Sharollizam binti Syed Rafizal Mujamek,Home Office,Malaysia,Simpang Ampat	,Pulau Pinang,14100,West,OFF-PA-10003657,Office Supplies,Paper,Xerox 1927,4.28,1,0,1.926
52,CA-2015-124653,12/24/2015,12/26/2015,First Class,AA-13120,Adlyna Arfan binti Syed Isa,Corporate,Malaysia,Sauk,Perak,33500,West,OFF-PA-10000176,Office Supplies,Paper,Xerox 1887,132.79,7,0,63.7392
53,CA-2015-124653,12/24/2015,12/26/2015,First Class,SY-13120,Siew Yut Suen,Corporate,Malaysia,Sungai Tong	,Terengganu ,21500,West,OFF-PA-10002365,Office Supplies,Paper,Xerox 1967,12.96,2,0,6.2208
54,CA-2016-115504,3/12/2016,3/17/2016,Standard Class,LL-18130,Linda Lian Hee Xia,Corporate,Malaysia,Penang Hill	,Penang ,11300,West,OFF-PA-10003953,Office Supplies,Paper,Xerox 218,12.96,2,0,6.2208
55,CA-2015-106565,3/20/2015,3/23/2015,First Class,SK-11110,Sannatasah Kumari a/l Kavi Ampalavanar,Corporate,Malaysia,Lubuk China,Melaka ,78100,West,OFF-PA-10000061,Office Supplies,Paper,Xerox 205,51.84,8,0,24.8832
56,CA-2016-149370,9/15/2016,9/19/2016,Standard Class,DB-13210,Chanturu Krishnan a/l Murugeson,Consumer,Malaysia,Putrajaya ,Putrajaya ,62000,West,OFF-PA-10003651,Office Supplies,Paper,Xerox 1968,5.344,1,0.2,1.8704
57,CA-2014-140858,6/28/2014,7/2/2014,Standard Class,NK-12775,Nithya Kaliappan a/l Vivasvan Krishnasamy,Consumer,Malaysia,Cukai,Terengganu,24000,West,OFF-PA-10000304,Office Supplies,Paper,Xerox 1995,41.472,8,0.2,14.5152
58,CA-2014-140858,6/28/2014,7/2/2014,Standard Class,SK-12775,Siong Kam Kien,Consumer,Malaysia,Benta,Pahang ,27300,West,OFF-PA-10003395,Office Supplies,Paper,Xerox 1941,335.52,4,0.2,117.432
59,CA-2016-152534,6/20/2016,6/25/2016,Second Class,NH-13105,Noor Hjh Asy Izzuddin,Corporate,Malaysia,Tawau,Sabah ,91000,East,OFF-PA-10001870,Office Supplies,Paper,Xerox 202,38.88,6,0,18.6624
60,CA-2014-125612,8/3/2014,8/8/2014,Standard Class,BK-11260,Berenike Kampe,Consumer,Malaysia,Putrajaya,Putrajaya,62000,East,OFF-PA-10001019,Office Supplies,Paper,Xerox 1884,39.96,2,0,18.7812
61,CA-2017-114636,8/25/2017,8/29/2017,Standard Class,SP-14725,Shoba Pakiam a/l Magendran Thivy,Consumer,Malaysia,Labuan ,Labuan ,87000,East,OFF-PA-10001790,Office Supplies,Paper,Xerox 1910,192.16,5,0.2,67.256
62,CA-2014-104976,12/9/2014,12/16/2014,Standard Class,YS-12760,Yam Shing Thor,Corporate,Malaysia,Kota Bharu,Kelantan ,15200,West,OFF-PA-10003845,Office Supplies,Paper,Xerox 1987,34.68,6,0,16.9932
63,CA-2016-130477,4/8/2016,4/12/2016,Standard Class,HA-17140,Hajjah Aina binti Fauzi,Consumer,Malaysia,Senai,Johor,81400,West,OFF-PA-10002947,Office Supplies,Paper,Xerox 1923,20.04,3,0,9.6192
64,CA-2016-130477,4/8/2016,4/12/2016,Standard Class,YY-17140,Yeow Ying Shey,Consumer,Malaysia,Putrajaya ,Putrajaya ,62000,West,OFF-PA-10000019,Office Supplies,Paper,Xerox 1931,12.96,2,0,6.2208
65,CA-2014-132962,9/13/2014,9/16/2014,First Class,KL-15535,Kam Loo Diong,Consumer,Malaysia,Kuala Lumpur,Kuala Lumpur ,50500,East,OFF-PA-10003543,Office Supplies,Paper,Xerox 1985,15.552,3,0.2,5.4432
66,CA-2017-144932,4/14/2017,4/17/2017,First Class,MS-10165,Mohamad Salimi bin Haiqal,Consumer,Malaysia,Kota Kinabalu	,Sabah ,88000,East,OFF-PA-10003543,Office Supplies,Paper,Xerox 196,13.872,3,0.2,5.0286
67,CA-2016-140081,6/20/2016,6/24/2016,Standard Class,AS-12040,Alice Sam Moong Sui,Home Office,Malaysia,Yong Peng,Johor ,83700,West,OFF-PA-10001870,Office Supplies,Paper,Xerox 202,15.552,3,0.2,5.4432
68,CA-2015-148250,12/13/2015,12/17/2015,Standard Class,TG-19270,Thripura Govindasamy a/l Indi,Corporate,Malaysia,Cheras,Kuala Lumpur ,56000,West,OFF-PA-10000289,Office Supplies,Paper,Xerox 213,12.96,2,0,6.2208
69,CA-2015-120880,5/29/2015,6/3/2015,Standard Class,NA-15850,Nur Ariqah Dazila binti Che Azlansyhah,Consumer,Malaysia,Labuan ,Labuan ,87000,East,OFF-PA-10004101,Office Supplies,Paper,Xerox 1894,32.4,5,0,15.552
70,US-2017-110576,11/28/2017,12/2/2017,Standard Class,JL-19795,Jagdeep Lourdenadin a/l Puthucheary,Home Office,Malaysia,Dong,Pahang ,27400,West,OFF-PA-10000788,Office Supplies,Paper,Xerox 210,15.552,3,0.2,5.4432
71,US-2017-110576,11/28/2017,12/2/2017,Standard Class,SY-19795,Shaun Yang Ron Weng,Home Office,Malaysia,Seremban,Negeri Sembilan,70200,West,OFF-PA-10002479,Office Supplies,Paper,Xerox 4200 Series MultiUse Premium Copy Paper (20Lb. and 84 Bright),25.344,6,0.2,7.92
72,CA-2017-135279,4/9/2017,4/11/2017,First Class,MH-11800,Mohammed Haji Wan Hidayatullah bin Hisam,Home Office,Malaysia,Miri,Sarawak ,98000,East,OFF-PA-10004621,Office Supplies,Paper,Xerox 212,12.96,2,0,6.2208
73,CA-2015-157035,12/9/2015,12/12/2015,First Class,MN-16600,Mohamad Norhisham bin Khairil,Corporate,Malaysia,Kota Kinabalu	,Sabah ,88000,East,OFF-PA-10004156,Office Supplies,Paper,Xerox 188,34.02,3,0,16.6698
74,CA-2016-105585,8/26/2016,8/27/2016,First Class,MH-19735,Mohd Hj Azrien Marzuki bin Zairi,Consumer,Malaysia,Nilai	,Negeri Sembilan,71800,West,OFF-PA-10003625,Office Supplies,Paper,Xerox 1979,154.9,5,0,69.705
75,CA-2015-124891,7/31/2015,7/31/2015,Same Day,NH-19495,Nur Hjh Darwisyah Mossanif binti Wan Rezal,Consumer,Malaysia,Seremban,Negeri Sembilan,70000,West,OFF-PA-10004621,Office Supplies,Paper,Xerox 212,19.44,3,0,9.3312
76,CA-2015-111199,11/13/2015,11/17/2015,Standard Class,MH-15730,Muhamed Haszlan bin Aqashah,Consumer,Malaysia,Muar,Johor ,84000,West,OFF-PA-10001790,Office Supplies,Paper,Xerox 1910,115.296,3,0.2,40.3536
77,CA-2015-133025,9/17/2015,9/19/2015,Second Class,BR-17800,Balasubramaniam Rajan a/l Vasudevan Thiru,Home Office,Malaysia,Putrajaya ,Putrajaya ,62000,West,OFF-PA-10004100,Office Supplies,Paper,Xerox 216,32.4,5,0,15.552
78,CA-2016-126529,1/11/2016,1/13/2016,Second Class,EN-13255,Eddy Ngeow Lui Shou,Home Office,Malaysia,Klang,Selangor ,45000,West,OFF-PA-10001166,Office Supplies,Paper,Xerox 2,15.552,3,0.2,5.4432
79,CA-2016-126529,1/11/2016,1/13/2016,Second Class,LC-13255,Loke Choi Lean,Home Office,Malaysia,Tuaran,Sabah ,89200,East,OFF-PA-10003656,Office Supplies,Paper,Xerox 1935,63.312,3,0.2,20.5764
80,CA-2016-152814,4/28/2016,5/2/2016,Standard Class,OB-14005,Oong Beng Bok,Home Office,Malaysia,Papar,Sabah ,89600,East,OFF-PA-10001970,Office Supplies,Paper,Xerox 1881,29.472,3,0.2,9.9468
81,CA-2016-167584,8/12/2016,8/12/2016,Same Day,MS-16870,Mohamed Syed Zakii Zaiminuddin bin Nazari,Consumer,Malaysia,Penang Hill	,Penang ,11300,West,OFF-PA-10000029,Office Supplies,Paper,Xerox 224,6.48,1,0,3.1104
82,CA-2015-165085,12/27/2015,12/31/2015,Standard Class,HL-11485,Ho Lang Siow,Home Office,Malaysia,Kuala Terengganu	,Terengganu ,20000,West,OFF-PA-10000605,Office Supplies,Paper,Xerox 1950,28.9,5,0,14.161
83,US-2016-110156,11/19/2016,11/24/2016,Standard Class,LC-13945,Luo Chan Joy,Consumer,Malaysia,Bintulu,Sarawak ,97000,East,OFF-PA-10004735,Office Supplies,Paper,Xerox 1905,10.368,2,0.2,3.6288
84,CA-2015-142755,9/4/2015,9/8/2015,Standard Class,VP-12355,Vijaya Patto a/l Shan Kaliappan,Consumer,Malaysia,Miri,Sarawak,98000,East,OFF-PA-10001970,Office Supplies,Paper,Xerox 1908,279.9,5,0,137.151
85,CA-2016-112102,4/12/2016,4/16/2016,Standard Class,MA-11605,Mohammad Adil Zahani,Consumer,Malaysia,Kota Bharu	,Kelantan ,15500,West,OFF-PA-10000100,Office Supplies,Paper,Xerox 1945,40.99,1,0,20.0851
86,US-2016-114776,12/6/2016,12/7/2016,First Class,NN-14650,Nur Naurah Farris binti Mukmin,Corporate,Malaysia,Ipoh,Perak ,30000,West,OFF-PA-10004100,Office Supplies,Paper,Xerox 216,19.44,3,0,9.3312
87,CA-2016-152170,11/12/2016,11/15/2016,Second Class,NS-14275,Nor Shahila Harmaini,Corporate,Malaysia,Labuan ,Labuan ,87000,East,OFF-PA-10001763,Office Supplies,Paper,Xerox 1896,19.98,2,0,8.991
88,CA-2014-146969,9/29/2014,10/3/2014,Standard Class,PK-10915,Pavandeep Kamalesvaran a/l Kamalesvaran,Consumer,Malaysia,Labuan ,Labuan ,87000,East,OFF-PA-10002105,Office Supplies,Paper,Xerox 223,6.48,1,0,3.1104
89,CA-2017-145226,12/8/2017,12/10/2017,Second Class,MM-13315,Manjit Marimuthu a/l Pragash Kumaresan,Consumer,Malaysia,Batu Kurau	,Perak ,34500,West,OFF-PA-10003172,Office Supplies,Paper,Xerox 1996,19.44,3,0,9.3312
90,CA-2014-127131,11/24/2014,11/30/2014,Standard Class,SD-14830,Shee Duo Poh,Corporate,Malaysia,Kuala Lumpur	,Kuala Lumpur ,50800,West,OFF-PA-10001800,Office Supplies,Paper,Xerox 220,25.92,4,0,12.4416
91,CA-2017-117212,2/26/2017,2/28/2017,Second Class,TS-11530,Tiffany Siew Lao Wen,Home Office,Malaysia,Kuala Lumpur	,Kuala Lumpur ,50700,West,OFF-PA-10001970,Office Supplies,Paper,Xerox 1908,223.92,4,0,109.7208
92,CA-2017-117212,2/26/2017,2/28/2017,Second Class,KB-11530,King Bun Ying,Home Office,Malaysia,Kota Tinggi	,Johor ,81900,West,OFF-PA-10000682,Office Supplies,Paper,Xerox 1924,23.12,4,0,11.3288
93,US-2015-130519,9/15/2015,9/15/2015,Same Day,KN-18355,Kok Nien Pom,Corporate,Malaysia,Rantau,Negeri Sembilan,71100,West,OFF-PA-10001937,Office Supplies,Paper,Xerox 21,15.552,3,0.2,5.4432
94,CA-2016-119186,5/26/2016,5/26/2016,Same Day,MH-17710,Mohammed Haji Kemat bin Iman Ngadun,Consumer,Malaysia,Nusajaya,Johor,79100,West,OFF-PA-10004621,Office Supplies,Paper,Xerox 212,10.368,2,0.2,3.6288
95,CA-2017-122154,4/9/2017,4/11/2017,First Class,LJ-20830,Loo Jim Quen,Consumer,Malaysia,Bahau,Negeri Sembilan,72100,West,OFF-PA-10000994,Office Supplies,Paper,Xerox 1915,251.64,3,0.2,88.074
96,CA-2016-163384,11/10/2016,11/12/2016,First Class,NS-12430,Nor Sopie Izzudin binti Azizi,Home Office,Malaysia,Ayer Tawar	,Perak ,32400,West,OFF-PA-10003172,Office Supplies,Paper,Xerox 1996,32.4,5,0,15.552
97,CA-2015-101707,8/27/2015,9/1/2015,Standard Class,NZ-19165,Nur Zatalini Raze binti Syed Amirullah,Consumer,Malaysia,Slim River,Perak ,35800,West,OFF-PA-10002968,Office Supplies,Paper,Xerox 1973,114.2,5,0,52.532
98,CA-2016-141397,6/20/2016,6/21/2016,First Class,ST-19825,Samy Tikaram a/l Muniandy,Consumer,Malaysia,Cheras,Selangor,43200,West,OFF-PA-10002986,Office Supplies,Paper,Xerox 1898,46.76,7,0,22.4448
99,CA-2016-128258,3/30/2016,4/1/2016,First Class,JH-12085,Jane Harmaini,Corporate,Malaysia,Pulau Pinang,Pulau Pinang,10100,West,OFF-PA-10004156,Office Supplies,Paper,Xerox 188,11.34,1,0,5.5566
100,CA-2016-145247,5/5/2016,5/7/2016,First Class,LQ-18370,Lyndel Quan Zea Naa,Consumer,Malaysia,Sandakan,Sabah,90700,East,OFF-PA-10003641,Office Supplies,Paper,Xerox 1909,79.14,3,0,36.4044
101,CA-2014-126361,8/4/2014,8/9/2014,Second Class,NNR-21670,Nur Nursyarina Rustam binti Nik Asa,Consumer,Malaysia,Kuala Lumpur ,Kuala Lumpur ,52100,West,OFF-PA-10000806,Office Supplies,Paper,Xerox 1934,447.84,8,0,219.4416
102,US-2016-108504,2/5/2016,2/5/2016,Same Day,JL-18955,John Lim,Home Office,Malaysia,Kuala Lumpur ,Kuala Lumpur ,52100,West,OFF-PA-10003892,Office Supplies,Paper,Xerox 1943,342.37,7,0,160.9139
103,CA-2016-124485,11/24/2016,11/26/2016,First Class,CW-18340,Cho Weng Kai,Consumer,Malaysia,Damansara,Selangor ,47810,West,OFF-PA-10004971,Office Supplies,Paper,Xerox 196,11.56,2,0,5.6644
104,CA-2016-124485,11/24/2016,11/26/2016,First Class,MH-18340,Mohammad hamba bin lockchard,Consumer,Malaysia,Klang,Selangor ,40460,West,OFF-PA-10004888,Office Supplies,Paper,Xerox 217,6.48,1,0,3.1104
105,US-2016-161396,4/19/2016,4/25/2016,Standard Class,JV-14455,John Vasudevan,Home Office,Malaysia,Ipoh,Perak,30000,West,OFF-PA-10000418,Office Supplies,Paper,Xerox 189,419.4,5,0.2,146.79
106,CA-2017-106852,6/20/2017,6/27/2017,Standard Class,ST-20530,Shui Tom,Consumer,Malaysia,Taiping,Perak,34000,West,OFF-PA-10001639,Office Supplies,Paper,Xerox 203,31.104,6,0.2,10.8864
107,CA-2017-122735,4/12/2017,4/15/2017,Second Class,HC-11320,Hj Che Mikhail Zulkefli bin Nik Huzaifi,Consumer,Malaysia,Klang,Selangor ,41000,West,OFF-PA-10001712,Office Supplies,Paper,Xerox 1948,39.96,4,0,17.982
108,CA-2017-139199,12/9/2017,12/13/2017,Standard Class,DK-12835,Damala Kotsonis,Corporate,Malaysia,Sungkai,Perak,35500,West,OFF-PA-10001293,Office Supplies,Paper,Xerox 1946,12.96,2,0,6.2208
109,US-2016-108455,12/2/2016,12/8/2016,Standard Class,MK-18160,Mike KennedyJane Fakhrurrazi,Consumer,Malaysia,Sibu,Sarawak,96000,East,OFF-PA-10002262,Office Supplies,Paper,Xerox 192,25.92,4,0,12.4416
110,CA-2017-101210,8/25/2017,8/28/2017,Second Class,HB-13540,Hisam bin Irfan,Consumer,Malaysia,Seremban,Negeri Sembilan,70000,West,OFF-PA-10000130,Office Supplies,Paper,Xerox 199,3.424,1,0.2,1.07
111,CA-2017-130386,11/12/2017,11/18/2017,Standard Class,YH-18430,Yong Hao Yu,Consumer,Malaysia,Kuala Lumpur ,Kuala Lumpur ,50200,West,OFF-PA-10003823,Office Supplies,Paper,Xerox 197,223.056,9,0.2,69.705
112,CA-2015-144806,12/6/2015,12/11/2015,Standard Class,GH-14425,Gary Hwang,Consumer,Malaysia,Johor Bahru,Johor,81300,West,OFF-PA-10002586,Office Supplies,Paper,Xerox 1970,19.92,5,0.2,6.723
113,CA-2015-144806,12/6/2015,12/11/2015,Standard Class,GH-14425,Gary Hwang,Consumer,Malaysia,Johor Bahru,Johor,81300,West,OFF-PA-10003039,Office Supplies,Paper,Xerox 1960,198.272,8,0.2,61.96
114,CA-2015-103793,3/26/2015,3/31/2015,Standard Class,BV-11245,Benjamin Venier,Corporate,Malaysia,Klang,Selangor ,41100,West,OFF-PA-10001125,Office Supplies,Paper,Xerox 1988,74.352,3,0.2,23.235
115,CA-2015-111395,11/23/2015,11/27/2015,Standard Class,YJ-21745,Yao Jia Han,Corporate,Malaysia,Ipoh,Perak,30000,West,OFF-PA-10000994,Office Supplies,Paper,Xerox 1915,335.52,4,0.2,117.432
116,CA-2016-159345,6/17/2016,6/22/2016,Standard Class,MC-15085,Mohammad Che Senon bin Khairubi,Consumer,Malaysia,Ipoh,Perak,30010,West,OFF-PA-10000806,Office Supplies,Paper,Xerox 1934,111.96,2,0,54.8604
117,CA-2016-154403,5/23/2016,5/27/2016,Standard Class,LT-10720,Lo Tuk Nik,Home Office,Malaysia,Kuala Lumpur ,Kuala Lumpur ,50200,West,OFF-PA-10001526,Office Supplies,Paper,Xerox 1949,4.98,1,0,2.4402
118,CA-2015-131338,8/9/2015,8/12/2015,First Class,MN-18325,Muhammed Nurakmal Tumiran,Consumer,Malaysia,Seremban,Negeri Sembilan,70000,West,OFF-PA-10001357,Office Supplies,Paper,Xerox 1886,143.7,3,0,68.976
119,CA-2017-158876,11/19/2017,11/21/2017,Second Class,MH-10150,Muhamad Haji Syed Aizam bin Nazhan Fahmie,Consumer,Malaysia,Klang,Selangor ,41300,West,OFF-PA-10000308,Office Supplies,Paper,Xerox 1901,16.896,4,0.2,5.28
120,CA-2016-106530,5/8/2016,5/8/2016,Same Day,HS-12565,Haji Saifullizan bin Rosmawi,Consumer,Malaysia,Kajang,Selangor ,43000,West,OFF-PA-10002986,Office Supplies,Paper,Xerox 1898,10.688,2,0.2,3.7408
121,CA-2016-106530,5/8/2016,5/8/2016,Same Day,HS-12565,Haji Saifullizan bin Rosmawi,Consumer,Malaysia,Kajang,Selangor ,43000,West,OFF-PA-10004451,Office Supplies,Paper,Xerox 222,10.368,2,0.2,3.6288
122,CA-2014-168984,11/26/2014,12/2/2014,Standard Class,HC-18400,Ho Chi Yuan,Consumer,Malaysia,Seremban,Negeri Sembilan,70000,West,OFF-PA-10001166,Office Supplies,Paper,Xerox 2,15.552,3,0.2,5.4432
123,CA-2014-135699,8/29/2014,8/29/2014,Same Day,PA-15010,Pushpa a/l Ravichandran Soti,Corporate,Malaysia,Kota Kinabalu,Sabah,88450,West,OFF-PA-10004475,Office Supplies,Paper,Xerox 1940,109.92,2,0,53.8608
124,CA-2014-135699,8/29/2014,8/29/2014,Same Day,PA-15010,Pushpa a/l Ravichandran Soti,Corporate,Malaysia,Kota Kinabalu,Sabah,88450,West,OFF-PA-10003001,Office Supplies,Paper,Xerox 1986,13.36,2,0,6.4128
125,CA-2016-128531,11/24/2016,11/26/2016,Second Class,JH-18505,Jason Hong,Consumer,Malaysia,Melaka,Melaka,75460,West,OFF-PA-10000167,Office Supplies,Paper,Xerox 1925,74.352,3,0.2,23.235
126,US-2016-101497,9/29/2016,10/1/2016,Second Class,PS-18760,Pamela Stobb,Consumer,Malaysia,Ipoh,Perak,30200,West,OFF-PA-10000176,Office Supplies,Paper,Xerox 1887,18.97,1,0,9.1056
127,CA-2017-143798,12/10/2017,12/12/2017,First Class,AP-10840,Anthony Pang,Consumer,Malaysia,Shah Alam,Selangor ,40200,West,OFF-PA-10000788,Office Supplies,Paper,Xerox 210,10.368,2,0.2,3.6288
128,CA-2014-125136,9/28/2014,10/3/2014,Standard Class,NK-16495,Nuur Khaleeda binti Fauzy,Corporate,Malaysia,Johor Bahru,Johor,81300,West,OFF-PA-10001804,Office Supplies,Paper,Xerox 195,10.688,2,0.2,3.7408
129,CA-2017-152807,10/30/2017,11/3/2017,Standard Class,VA-18100,Viatilingam a/l Yugendran,Consumer,Malaysia,Shah Alam,Selangor ,40200,West,OFF-PA-10004355,Office Supplies,Paper,Xerox 231,20.736,4,0.2,7.2576
130,US-2014-157406,4/25/2014,4/29/2014,Standard Class,BM-13450,Bok Mag Mou,Home Office,Malaysia,Kajang,Selangor ,43000,West,OFF-PA-10003543,Office Supplies,Paper,Xerox 1985,10.368,2,0.2,3.6288
131,CA-2017-116715,12/2/2017,12/5/2017,First Class,JH-21775,Jane Hao,Corporate,Malaysia,Kerteh,Terengganu,24300,West,OFF-PA-10004475,Office Supplies,Paper,Xerox 1940,109.92,2,0,53.8608
132,CA-2017-116715,12/2/2017,12/5/2017,First Class,JH-21775,Jane Hao,Corporate,Malaysia,Kerteh,Terengganu,24300,West,OFF-PA-10003893,Office Supplies,Paper,Xerox 1962,8.56,2,0,3.852
133,CA-2015-135622,12/8/2015,12/11/2015,Second Class,TT-21460,Tonja Turnell,Home Office,Malaysia,Shah Alam,Selangor ,40200,West,OFF-PA-10000100,Office Supplies,Paper,Xerox 1945,360.712,11,0.2,130.7581
134,CA-2015-105347,11/24/2015,11/28/2015,Standard Class,MH-13000,Muhammed Haji Wan Zahari bin Zainuddin,Consumer,Malaysia,Melaka,Melaka,75460,West,OFF-PA-10000675,Office Supplies,Paper,Xerox 1919,368.91,9,0,180.7659
135,CA-2017-166317,9/22/2017,9/26/2017,Standard Class,JE-15610,Jim Epp,Corporate,Malaysia,Taman Desa,Kuala Lumpur,55975,West,OFF-PA-10004475,Office Supplies,Paper,Xerox 1940,219.84,4,0,107.7216
136,US-2016-116729,12/25/2016,12/28/2016,First Class,KT-14620,Kelly Tan,Corporate,Malaysia,Kuala Lumpur ,Kuala Lumpur ,50200,West,OFF-PA-10002005,Office Supplies,Paper,Xerox 225,45.36,7,0,21.7728
137,CA-2016-165484,10/23/2016,10/29/2016,Standard Class,JW-14890,John Wahab,Corporate,Malaysia,Kuching,Sarawak,93400,East,OFF-PA-10000595,Office Supplies,Paper,Xerox 1929,54.816,3,0.2,17.8152
138,CA-2016-168956,2/16/2016,2/20/2016,Standard Class,MN-14035,Mohamed Nizan Shafei bin Syed Syahriman,Corporate,Malaysia,Kuala Lumpur ,Kuala Lumpur ,50300,West,OFF-PA-10000809,Office Supplies,Paper,Xerox 206,5.184,1,0.2,1.8144
139,US-2015-140851,7/13/2015,7/15/2015,Second Class,MH-18460,Mohammad Hj Sharsham bin Wan Eazriq Putra,Corporate,Malaysia,Klang,Selangor ,42500,West,OFF-PA-10000019,Office Supplies,Paper,Xerox 1931,38.88,6,0,18.6624
140,CA-2017-162691,8/1/2017,8/7/2017,Standard Class,JK-10045,Jane Khilmi,Corporate,Malaysia,Taiping,Perak,34000,West,OFF-PA-10003729,Office Supplies,Paper,Xerox 1998,36.288,7,0.2,12.7008
141,CA-2014-117345,8/1/2014,8/5/2014,Standard Class,AN-10975,Aw Niao Yong,Corporate,Malaysia,Kuala Lumpur ,Kuala Lumpur ,50200,West,OFF-PA-10002377,Office Supplies,Paper,Xerox 1916,78.304,2,0.2,29.364
142,US-2017-158512,1/12/2017,1/17/2017,Second Class,TV-13450,Theiviya Velappan a/l Marimuthu,Home Office,Malaysia,Melaka,Melaka,75460,West,OFF-PA-10001804,Office Supplies,Paper,Xerox 195,40.08,6,0,19.2384
143,CA-2015-160472,7/20/2015,7/25/2015,Second Class,GS-19300,Govindasamy Shanmugaratnam a/l Balden Samarasan,Consumer,Malaysia,Taman Desa,Kuala Lumpur,55975,West,OFF-PA-10000528,Office Supplies,Paper,Xerox 1981,26.4,5,0,11.88
144,CA-2015-127110,6/25/2015,7/1/2015,Standard Class,CH-12070,Cathy Hwang,Home Office,Malaysia,Kuching,Sarawak,93400,East,OFF-PA-10003309,Office Supplies,Paper,Xerox 211,31.104,6,0.2,10.8864
145,CA-2016-148201,8/26/2016,8/29/2016,Second Class,SD-12145,S.  Depan,Consumer,Malaysia,Shah Alam,Selangor ,40200,West,OFF-PA-10000019,Office Supplies,Paper,Xerox 1931,6.48,1,0,3.1104
146,CA-2014-157623,3/14/2014,3/18/2014,Standard Class,DK-13225,Dean Katz,Corporate,Malaysia,Penang Hill	,Penang ,11300,West,OFF-PA-10001204,Office Supplies,Paper,Xerox 1972,10.56,2,0,4.752
147,CA-2017-167094,10/21/2017,10/22/2017,First Class,DK-12835,Damala Kotsonis,Corporate,Malaysia,Kuala Lumpur ,Kuala Lumpur ,50200,West,OFF-PA-10003953,Office Supplies,Paper,Xerox 218,5.184,1,0.2,1.8144
148,CA-2017-121503,7/3/2017,7/6/2017,Second Class,FW-14275,Frank Wong,Corporate,Malaysia,Johor Bahru,Johor,81300,West,OFF-PA-10001878,Office Supplies,Paper,Xerox 1891,273.896,7,0.2,92.4399
149,CA-2017-126865,12/5/2017,12/7/2017,Second Class,KA-18325,Kavi a/l Ramasamy Mahathevan,Consumer,Malaysia,Shah Alam,Selangor ,40200,West,OFF-PA-10003039,Office Supplies,Paper,Xerox 1960,92.94,3,0,41.823
150,US-2017-101539,3/16/2017,3/18/2017,Second Class,JZ-21685,John Zulkanine,Home Office,Malaysia,Johor Bahru,Johor,81300,West,OFF-PA-10001972,Office Supplies,Paper,Xerox 214,6.48,1,0,3.1104
151,CA-2016-108581,6/20/2016,6/26/2016,Standard Class,EL-14035,Erin Lim Jun Shen,Corporate,Malaysia,Seremban,Negeri Sembilan,70000,West,OFF-PA-10000809,Office Supplies,Paper,Xerox 206,10.368,2,0.2,3.6288
152,CA-2017-157987,9/2/2017,9/6/2017,Standard Class,AC-10615,Ann Chong,Corporate,Malaysia,Kuching,Sarawak,93400,East,OFF-PA-10003893,Office Supplies,Paper,Xerox 1962,17.12,4,0,7.704
153,CA-2017-110905,9/10/2017,9/15/2017,Second Class,KL-19690,K. L.  Varatharaju,Consumer,Malaysia,Kota Kinabalu,Sabah,88450,East,OFF-PA-10002586,Office Supplies,Paper,Xerox 1970,24.9,5,0,11.703
154,CA-2017-165841,12/21/2017,12/28/2017,Standard Class,DC-13210,David Chai Bing Liau,Consumer,Malaysia,Ipoh,Perak,30010,West,OFF-PA-10001144,Office Supplies,Paper,Xerox 1913,166.44,3,0,79.8912
155,CA-2015-127509,11/9/2015,11/13/2015,Standard Class,NB-10090,Noor Balqis binti Che Adib,Consumer,Malaysia,Penang Hill        ,Penang ,11300,West,OFF-PA-10002160,Office Supplies,Paper,Xerox 1978,17.34,3,0,8.4966
156,CA-2015-122287,6/18/2015,6/23/2015,Standard Class,PB-20560,Prashanthini Bamadhaj,Home Office,Malaysia,Kuala Lumpur,Kuala Lumpur ,50800,West,OFF-PA-10001661,Office Supplies,Paper,Xerox 1922,11.952,3,0.2,4.3326
157,CA-2014-129168,8/17/2014,8/23/2014,Standard Class,NJ-16585,Nur Julia binti Syed Mirza,Corporate,Malaysia,Klang,Selangor ,41400,West,OFF-PA-10001639,Office Supplies,Paper,Xerox 203,15.552,3,0.2,5.4432
158,CA-2014-106439,10/31/2014,11/4/2014,Standard Class,FS-14650,Foong Siak Bai,Corporate,Malaysia,Kepong,Kuala Lumpur ,52100,West,OFF-PA-10000477,Office Supplies,Paper,Xerox 1952,64.74,13,0,30.4278
159,CA-2017-140676,9/12/2017,9/15/2017,First Class,NH-11080,Ng Hong Pin,Consumer,Malaysia,Taman Desa,Kuala Lumpur,55975,West,OFF-PA-10004243,Office Supplies,Paper,Xerox 1939,94.85,5,0,45.528
160,CA-2017-167101,3/24/2017,3/28/2017,Second Class,BN-11650,Brian Ng,Corporate,Malaysia,Melaka,Melaka,75460,West,OFF-PA-10000357,Office Supplies,Paper,Xerox 1888,221.92,4,0,106.5216
161,US-2014-167633,9/30/2014,10/5/2014,Standard Class,BT-11200,Ben Ten,Consumer,Malaysia,Penang Hill        ,Penang ,11300,West,OFF-PA-10004888,Office Supplies,Paper,Xerox 217,15.552,3,0.2,5.4432
162,CA-2015-164882,10/31/2015,10/31/2015,Same Day,NJ-20080,Nur Julia binti Syed Mirza,Consumer,Malaysia,Putrajaya,Putrajaya,62583,West,OFF-PA-10000157,Office Supplies,Paper,Xerox 191,19.98,1,0,9.3906
163,CA-2017-155460,4/13/2017,4/15/2017,First Class,JA-19630,John Ajllin,Corporate,Malaysia,Kangar,Perlis ,2174,West,OFF-PA-10002479,Office Supplies,Paper,Xerox 4200 Series MultiUse Premium Copy Paper (20Lb. and 84 Bright),5.28,1,0,2.376
164,CA-2015-134859,10/4/2015,10/9/2015,Standard Class,AA-16120,Anand a/l Vinod Seenivasagam,Home Office,Malaysia,Melaka,Melaka,75460,West,OFF-PA-10001293,Office Supplies,Paper,Xerox 1946,20.736,4,0.2,7.2576
165,CA-2015-123505,11/22/2015,11/26/2015,Standard Class,AC-10540,Andy Chong,Consumer,Malaysia,Seremban,Negeri Sembilan,70000,West,OFF-PA-10002586,Office Supplies,Paper,Xerox 1970,14.94,3,0,7.0218
166,CA-2016-125738,10/15/2016,10/21/2016,Standard Class,PT-18805,Patrick Tan,Home Office,Malaysia,Kulim,Kedah,9000,West,OFF-PA-10000740,Office Supplies,Paper,Xerox 1982,45.68,2,0,21.0128
167,CA-2016-125738,10/15/2016,10/21/2016,Standard Class,PT-18805,Patrick Tan,Home Office,Malaysia,Kulim,Kedah,9000,West,OFF-PA-10003001,Office Supplies,Paper,Xerox 1986,60.12,9,0,28.8576
168,CA-2016-128412,12/10/2016,12/17/2016,Standard Class,TK-10915,Thang Kum Zea,Consumer,Malaysia,Putrajaya,Putrajaya,62583,West,OFF-PA-10001125,Office Supplies,Paper,Xerox 1988,123.92,4,0,55.764
169,CA-2015-135363,3/28/2015,4/2/2015,Standard Class,JA-12205,John Ajllin,Consumer,Malaysia,Melaka,Melaka,75460,West,OFF-PA-10003177,Office Supplies,Paper,Xerox 1999,15.552,3,0.2,5.4432
170,CA-2017-121909,7/31/2017,8/5/2017,Standard Class,EN-14035,E.  Nair,Corporate,Malaysia,Johor Bahru,Johor,81300,West,OFF-PA-10003790,Office Supplies,Paper,Xerox 1991,54.816,3,0.2,17.8152
171,CA-2015-116092,2/15/2015,2/18/2015,Second Class,JA-16195,Janaky a/l Puvaneswaran Thirunavukarasu,Consumer,Malaysia,Klang,Selangor ,41250,West,OFF-PA-10004285,Office Supplies,Paper,Xerox 1959,13.36,2,0,6.4128
172,CA-2015-116092,2/15/2015,2/18/2015,Second Class,JA-16195,Janaky a/l Puvaneswaran Thirunavukarasu,Consumer,Malaysia,Klang,Selangor ,41250,West,OFF-PA-10000477,Office Supplies,Paper,Xerox 22,19.44,3,0,9.3312
173,CA-2016-117849,4/15/2016,4/17/2016,Second Class,AA-16120,Asyraf Arfandi bin Baharin,Home Office,Malaysia,Ipoh,Perak,30300,West,OFF-PA-10004327,Office Supplies,Paper,Xerox 1911,143.7,3,0,68.976
174,CA-2016-131065,11/14/2016,11/16/2016,Second Class,AL-10375,Allen Loke,Consumer,Malaysia,Taiping,Perak,34000,West,OFF-PA-10002479,Office Supplies,Paper,Xerox 4200 Series MultiUse Premium Copy Paper (20Lb. and 84 Bright),5.28,1,0,2.376
175,CA-2017-149146,10/12/2017,10/12/2017,Same Day,ST-20320,Sean Tan,Home Office,Malaysia,Kajang,Selangor ,43000,West,OFF-PA-10003919,Office Supplies,Paper,Xerox 1989,7.968,2,0.2,2.6892
176,CA-2017-137470,9/17/2017,9/17/2017,Same Day,TJ-21415,Tom Jian,Consumer,Malaysia,Kota Kinabalu,Sabah,88450,East,OFF-PA-10002001,Office Supplies,Paper,Xerox 1984,12.96,2,0,6.3504
177,CA-2017-105480,12/20/2017,12/26/2017,Standard Class,DK-13225,Dean Katz,Corporate,Malaysia,Shah Alam,Selangor ,40200,West,OFF-PA-10002787,Office Supplies,Paper,Xerox 227,6.48,1,0,3.1104
178,CA-2016-112676,5/5/2016,5/8/2016,First Class,JL-18835,John Lakshmi,Corporate,Malaysia,Kangar,Perlis ,2174,West,OFF-PA-10003971,Office Supplies,Paper,Xerox 1965,14.352,3,0.2,5.2026
179,CA-2015-149342,4/20/2015,4/25/2015,Standard Class,SM-21160,Saravanan Murugeson,Corporate,Malaysia,Melaka,Melaka,75460,West,OFF-PA-10001166,Office Supplies,Paper,Xerox 2,12.96,2,0,6.2208
180,CA-2015-160794,8/6/2015,8/8/2015,First Class,JM-17980,Jane Musliman,Corporate,Malaysia,Papar,Sabah ,89031,East,OFF-PA-10004156,Office Supplies,Paper,Xerox 188,27.216,3,0.2,9.8658
181,CA-2015-105102,9/15/2015,9/19/2015,Second Class,AV-11575,Arul Vethamuthu a/l Arul Navaratnam,Corporate,Malaysia,Kuching,Sarawak,93400,East,OFF-PA-10002365,Office Supplies,Paper,Xerox 1967,12.96,2,0,6.2208
182,CA-2017-169285,3/21/2017,3/25/2017,Standard Class,SB-19690,Suhaida binti Nik Musyrif,Consumer,Malaysia,Shah Alam,Selangor ,40200,West,OFF-PA-10004971,Office Supplies,Paper,Xerox 196,5.78,1,0,2.8322
183,CA-2014-110639,8/23/2014,8/23/2014,Same Day,BT-19495,B. Thambu,Consumer,Malaysia,Johor Bahru,Johor,81300,West,OFF-PA-10003936,Office Supplies,Paper,Xerox 1994,25.92,4,0,12.4416
184,US-2014-148838,3/17/2014,3/21/2014,Standard Class,AJ-12340,Anand Jayaram,Corporate,Malaysia,Butterworth,Peneng,12200,West,OFF-PA-10002960,Office Supplies,Paper,Xerox 1926,34.86,7,0,16.3842
185,US-2014-148838,3/17/2014,3/21/2014,Standard Class,AJ-12340,Anand Jayaram,Corporate,Malaysia,Butterworth,Peneng,12200,West,OFF-PA-10000919,Office Supplies,Paper,Xerox 1918,155.04,4,0,75.9696
186,CA-2016-118052,5/6/2016,5/10/2016,Standard Class,TF-11455,Teh Fon Niang,Home Office,Malaysia,Kuching,Sarawak,93400,East,OFF-PA-10002581,Office Supplies,Paper,Xerox 1951,49.568,2,0.2,15.49
187,US-2015-127040,12/6/2015,12/10/2015,Standard Class,MA-20605,Manrick Asirvatham a/l Thirumurugan Munisamy,Consumer,Malaysia,Seremban,Negeri Sembilan,70000,West,OFF-PA-10004255,Office Supplies,Paper,Xerox 219,6.48,1,0,3.1104
188,US-2015-127040,12/6/2015,12/10/2015,Standard Class,XW-20605,Xian Wei ,Consumer,Malaysia,Klang,Selangor ,41250,West,OFF-PA-10001184,Office Supplies,Paper,Xerox 1903,41.86,7,0,20.5114
189,CA-2014-151295,11/12/2014,11/16/2014,Standard Class,LO-15970,Lau Ong,Consumer,Malaysia,Ipoh,Perak,30000,West,OFF-PA-10001947,Office Supplies,Paper,Xerox 1974,11.96,2,0,5.8604
190,CA-2015-142419,7/11/2015,7/13/2015,Second Class,HK-20380,Ham Ka Chan,Consumer,Malaysia,Kepong,Kuala Lumpur ,52100,West,OFF-PA-10001763,Office Supplies,Paper,Xerox 1896,29.97,3,0,13.4865
191,CA-2017-128755,5/4/2017,5/8/2017,Standard Class,TS-18160,Thor Shui Ka,Consumer,Malaysia,Kepong,Kuala Lumpur ,52100,West,OFF-PA-10004983,Office Supplies,Paper,Xerox 23,32.4,5,0,15.552
192,CA-2015-104514,1/2/2015,1/4/2015,Second Class,YJ-12535,Yak Jiu Wong,Corporate,Malaysia,Kepong,Kuala Lumpur ,52100,West,OFF-PA-10004285,Office Supplies,Paper,Xerox 1959,20.04,3,0,9.6192
193,CA-2015-141040,10/9/2015,10/13/2015,Second Class,MH-21250,Muhammad Hamchard bin Hamsap,Consumer,Malaysia,Klang,Selangor ,40000,West,OFF-PA-10002245,Office Supplies,Paper,Xerox 1895,23.92,4,0,10.764
194,CA-2016-124352,10/15/2016,10/21/2016,Standard Class,RA-12790,Ronado Abdolar,Home Office,Malaysia,Klang,Selangor ,41050,West,OFF-PA-10003177,Office Supplies,Paper,Xerox 1999,12.96,2,0,6.2208
195,CA-2015-124541,4/6/2015,4/10/2015,Standard Class,CX-21220,Char Xiu Bao,Consumer,Malaysia,Kepong,Kuala Lumpur ,52100,West,OFF-PA-10001526,Office Supplies,Paper,Xerox 1949,7.968,2,0.2,2.8884
196,CA-2014-108707,10/24/2014,10/29/2014,Standard Class,LM-12910,Low Mei Gei,Home Office,Malaysia,Kepong,Kuala Lumpur ,52100,West,OFF-PA-10000788,Office Supplies,Paper,Xerox 210,10.368,2,0.2,3.6288
197,CA-2014-111500,8/17/2014,8/21/2014,Standard Class,DS-13510,Dim Sum Wong,Corporate,Malaysia,Kepong,Kuala Lumpur ,52100,West,OFF-PA-10000595,Office Supplies,Paper,Xerox 1929,114.2,5,0,52.532
198,US-2015-128090,8/16/2015,8/22/2015,Standard Class,XM-15865,Xiu Mai ,Consumer,Malaysia,Kepong,Kuala Lumpur ,52100,West,OFF-PA-10001878,Office Supplies,Paper,Xerox 1891,313.024,8,0.2,105.6456
199,CA-2016-155439,9/14/2016,9/18/2016,Standard Class,HS-18775,Ham Sup Low,Home Office,Malaysia,Kepong,Kuala Lumpur ,52100,West,OFF-PA-10000029,Office Supplies,Paper,Xerox 224,25.92,4,0,12.4416
200,CA-2015-144288,12/25/2015,12/31/2015,Standard Class,GB-17305,Gou Bou Zhi,Consumer,Malaysia,Kepong,Kuala Lumpur ,52100,West,OFF-PA-10002787,Office Supplies,Paper,Xerox 227,10.368,2,0.2,3.6288
201,CA-2014-164861,12/3/2014,12/6/2014,Second Class,XX-12356,Xu Xiaoli,Corporate,Malaysia,Klang ,Selangor,40000,West,OFF-PA-10001972,Office Supplies,Paper,Xerox 214,25.92,4,0,12.4416
202,CA-2015-168186,9/10/2015,9/15/2015,Standard Class,FD-53636,Fang Donghai,Consumer,Malaysia,Ampang,Selangor,68000,West,OFF-PA-10000477,Office Supplies,Paper,Xerox 1952,14.94,3,0,7.0218
203,CA-2014-131002,9/7/2014,9/12/2014,Second Class,GG-23462,Gao Gen,Consumer,Malaysia,Ampang,Selangor,68000,West,OFF-PA-10000223,Office Supplies,Paper,Xerox 2000,12.96,2,0,6.2208
204,CA-2014-126403,9/9/2014,9/12/2014,Second Class,QS-32463,Qin Shihong,Corporate,Malaysia,Kuching,Sarawak,93400,East,OFF-PA-10001144,Office Supplies,Paper,Xerox 1913,166.44,3,0,79.8912
205,CA-2017-136875,12/3/2017,12/3/2017,Same Day,XN-38593,Xiong Ning,Consumer,Malaysia,Melaka,Melaka,75460,West,OFF-PA-10000357,Office Supplies,Paper,Xerox 1888,166.44,3,0,79.8912
206,CA-2016-161662,2/7/2016,2/9/2016,First Class,SZ-18394,Shen Zhilan,Consumer,Malaysia,Melaka,Melaka,75460,West,OFF-PA-10003465,Office Supplies,Paper,Xerox 1912,30.352,2,0.2,10.6232
207,CA-2014-145317,3/18/2014,3/23/2014,Standard Class,ZS-12385,Zhou Shi,Home Office,Malaysia,Melaka,Melaka,75460,West,OFF-PA-10001804,Office Supplies,Paper,Xerox 195,21.376,4,0.2,7.4816
208,CA-2014-143413,5/24/2014,5/30/2014,Standard Class,PF-95879,Pan Feng,Consumer,Malaysia,Melaka,Melaka,75460,West,OFF-PA-10002319,Office Supplies,Paper,Xerox 1944,116.28,3,0,56.9772
209,CA-2017-155873,6/16/2017,6/21/2017,Standard Class,YB-12658,Yao Bao,Home Office,Malaysia,Melaka,Melaka,75460,West,OFF-PA-10001246,Office Supplies,Paper,Xerox 215,19.44,3,0,9.3312
210,CA-2017-155873,6/16/2017,6/21/2017,Standard Class,TS-48659,Tan Shen,Home Office,Malaysia,Putrajaya,Kuala Lumpur,43000,West,OFF-PA-10001815,Office Supplies,Paper,Xerox 1885,192.16,4,0,92.2368
211,CA-2015-155306,4/17/2015,4/21/2015,Standard Class,LM-84937,Lai Meixiang,Consumer,Malaysia,Cyberjaya,Kuala Lumpur,47100,West,OFF-PA-10001184,Office Supplies,Paper,Xerox 1903,11.96,2,0,5.8604
212,CA-2017-143455,11/11/2017,11/18/2017,Standard Class,PH-12455,Pan Huan,Home Office,Malaysia,Borneo,Sabah ,88450,East,OFF-PA-10004451,Office Supplies,Paper,Xerox 222,10.368,2,0.2,3.6288
213,CA-2014-125514,9/21/2014,9/22/2014,First Class,AR-48295,Aishwarya Ravindra Choudhary,Corporate,Malaysia,Beluru,Sarawak,98000,East,OFF-PA-10000029,Office Supplies,Paper,Xerox 224,6.48,1,0,3.1104
214,CA-2017-158743,10/20/2017,10/27/2017,Standard Class,IG-18393,Ivan Gow,Consumer,Malaysia,Borneo,Sabah ,88450,East,OFF-PA-10001019,Office Supplies,Paper,Xerox 1884,39.96,2,0,18.7812
215,CA-2015-159380,5/12/2015,5/16/2015,Standard Class,CW-48739,Cindy Wong,Consumer,Malaysia,Borneo,Sabah ,88450,East,OFF-PA-10003893,Office Supplies,Paper,Xerox 1962,12.84,3,0,5.778
216,CA-2015-159380,5/12/2015,5/16/2015,Standard Class,CC-38593,Cindy Chai,Consumer,Malaysia,Putrajaya,Kuala Lumpur,43000,West,OFF-PA-10004239,Office Supplies,Paper,Xerox 1953,25.68,6,0,11.556
217,CA-2015-148635,7/25/2015,7/27/2015,Second Class,MN-93854,Michelle Ng,Consumer,Malaysia,Cyberjaya,Kuala Lumpur,47100,West,OFF-PA-10004782,Office Supplies,Paper,Xerox 228,12.96,2,0,6.2208
218,CA-2015-135685,11/16/2015,11/18/2015,Second Class,MT-23492,Mike Teh,Home Office,Malaysia,Klang ,Selangor,40000,West,OFF-PA-10000157,Office Supplies,Paper,Xerox 191,179.82,9,0,84.5154
219,US-2014-112914,9/25/2014,9/30/2014,Standard Class,MT-18070,Michelle Tan,Home Office,Malaysia,Putrajaya,Kuala Lumpur,43000,West,OFF-PA-10003270,Office Supplies,Paper,Xerox 1954,33.792,8,0.2,10.56
220,CA-2016-124149,4/23/2016,4/26/2016,First Class,MG-29485,Max Goh,Consumer,Malaysia,Cyberjaya,Kuala Lumpur,47100,West,OFF-PA-10002923,Office Supplies,Paper,Xerox 1942,78.304,2,0.2,29.364
221,CA-2017-110842,11/11/2017,11/16/2017,Standard Class,TX-93048,Tan Xiao Kai,Consumer,Malaysia,Klang ,Selangor,40000,West,OFF-PA-10000520,Office Supplies,Paper,Xerox 201,19.44,3,0,9.3312
222,US-2017-135062,8/31/2017,9/4/2017,Second Class,NX-19303,Ng Xiao Li,Consumer,Malaysia,Klang ,Selangor,40000,West,OFF-PA-10000100,Office Supplies,Paper,Xerox 1945,229.544,7,0.2,83.2097
223,CA-2017-138975,5/19/2017,5/23/2017,Standard Class,NZ-19284,Ng Zhong Han,Consumer,Malaysia,Ampang,Selangor,68000,West,OFF-PA-10000100,Office Supplies,Paper,Xerox 1945,286.93,7,0,140.5957
224,CA-2017-106537,8/12/2017,8/17/2017,Standard Class,RW-19284,Ricky Wee,Consumer,Malaysia,Ampang,Selangor,68000,West,OFF-PA-10000223,Office Supplies,Paper,Xerox 2000,20.736,4,0.2,7.2576
225,CA-2014-148040,3/22/2014,3/26/2014,Standard Class,ET-19384,Elsa Tan,Corporate,Malaysia,Putrajaya,Kuala Lumpur,43000,West,OFF-PA-10002581,Office Supplies,Paper,Xerox 1951,74.352,3,0.2,23.235
226,CA-2017-102099,12/18/2017,12/19/2017,First Class,EP-13915,Emily Phan,Consumer,Malaysia,Klang ,Selangor,40000,West,OFF-PA-10003172,Office Supplies,Paper,Xerox 1996,12.96,2,0,6.2208
227,CA-2017-102099,12/18/2017,12/19/2017,First Class,JT-10294,Julia Teng,Consumer,Malaysia,Klang ,Selangor,40000,West,OFF-PA-10000289,Office Supplies,Paper,Xerox 213,32.4,5,0,15.552
228,CA-2017-139913,10/23/2017,10/29/2017,Standard Class,JH-12349,Julie Hong,Corporate,Malaysia,Klang ,Selangor,40000,West,OFF-PA-10003739,Office Supplies,Paper,Xerox 1969,11.56,2,0,5.6644
229,CA-2017-139913,10/23/2017,10/29/2017,Standard Class,AW-19382,Albert Wong,Corporate,Malaysia,Ampang,Selangor,68000,West,OFF-PA-10002479,Office Supplies,Paper,Xerox 4200 Series MultiUse Premium Copy Paper (20Lb. and 84 Bright),26.4,5,0,11.88
230,CA-2017-124898,9/11/2017,9/15/2017,Standard Class,DO-18294,Daniel Ong,Home Office,Malaysia,Ampang,Selangor,68000,West,OFF-PA-10003656,Office Supplies,Paper,Xerox 1935,184.66,7,0,84.9436
231,CA-2016-164035,6/12/2016,6/17/2016,Standard Class,WX-12048,Wong Xiao Wen,Consumer,Malaysia,Sri Pangkor,Penang ,10250,West,OFF-PA-10002160,Office Supplies,Paper,Xerox 1978,23.12,5,0.2,8.381
232,CA-2017-121615,11/3/2017,11/9/2017,Standard Class,TP-19290,Tan Pei Jian,Consumer,Malaysia,Miri ,Sarawak,98000,East,OFF-PA-10000327,Office Supplies,Paper,Xerox 1971,8.56,2,0,3.852
233,US-2016-169040,12/6/2016,12/12/2016,Standard Class,GC-10928,Gregory Chia,Consumer,Malaysia,Klang ,Selangor,40000,West,OFF-PA-10001736,Office Supplies,Paper,Xerox 1880,248.08,7,0,116.5976
234,CA-2017-134915,11/12/2017,11/12/2017,Same Day,EP-18932,Eugene Pang,Home Office,Malaysia,Miri ,Sarawak,98000,East,OFF-PA-10002160,Office Supplies,Paper,Xerox 1978,23.12,5,0.2,8.381
235,CA-2017-167941,11/6/2017,11/9/2017,Second Class,SM-10293,Suniti Manish Anand,Consumer,Malaysia,Miri ,Sarawak,98000,East,OFF-PA-10001800,Office Supplies,Paper,Xerox 220,31.104,6,0.2,10.8864
236,CA-2015-137512,5/7/2015,5/12/2015,Standard Class,DS-10239,Devdas Sharma Vemulakonda,Consumer,Malaysia,Sri Pangkor,Penang ,10250,West,OFF-PA-10000213,Office Supplies,Paper,Xerox 198,15.936,4,0.2,5.3784
237,CA-2015-139850,6/12/2015,6/17/2015,Standard Class,GX-14575,Gan Xiao Yan,Consumer,Malaysia,Ampang,Selangor,68000,West,OFF-PA-10003848,Office Supplies,Paper,Xerox 1997,20.736,4,0.2,7.2576
238,CA-2017-134845,4/17/2017,4/23/2017,Standard Class,AA-10920,Ashok Anika Ahmad,Home Office,Malaysia,Ampang,Selangor,68000,West,OFF-PA-10002005,Office Supplies,Paper,Xerox 225,20.736,4,0.2,7.2576
239,CA-2015-123568,11/8/2015,11/14/2015,Standard Class,AK-10293,Aryan Kirtida Mishra,Consumer,Malaysia,Klang ,Selangor,40000,West,OFF-PA-10001125,Office Supplies,Paper,Xerox 1988,92.94,3,0,41.823
240,CA-2017-134173,9/16/2017,9/21/2017,Standard Class,AJ-18749,Adi Jamaluddin Wibowo,Home Office,Malaysia,Klang ,Selangor,40000,West,OFF-PA-10004355,Office Supplies,Paper,Xerox 231,20.736,4,0.2,7.2576
241,US-2015-123960,6/11/2015,6/16/2015,Standard Class,JC-10284,Jusuf Cahaya Wibawa,Consumer,Malaysia,Ampang,Selangor,68000,West,OFF-PA-10004451,Office Supplies,Paper,Xerox 222,32.4,5,0,15.552
242,CA-2017-149559,9/11/2017,9/12/2017,Same Day,BA-47328,Burhan Anwar Wibowo,Home Office,Malaysia,Klang ,Selangor,40000,West,OFF-PA-10003172,Office Supplies,Paper,Xerox 1996,12.96,2,0,6.2208
243,CA-2017-106859,3/13/2017,3/18/2017,Second Class,WA-01927,Wira Adi Wibowo,Home Office,Malaysia,Klang ,Selangor,40000,West,OFF-PA-10001534,Office Supplies,Paper,Xerox 230,45.36,7,0,21.7728
244,CA-2017-106859,3/13/2017,3/18/2017,Second Class,HK-01902,Hasan Kusuma Wibowo,Home Office,Malaysia,Ampang,Selangor,68000,West,OFF-PA-10001815,Office Supplies,Paper,Xerox 1885,288.24,6,0,138.3552
245,CA-2017-101182,9/4/2017,9/5/2017,First Class,XN-18273,Xiang Ning Zeng,Home Office,Malaysia,Sri Pangkor,Penang ,10250,West,OFF-PA-10001800,Office Supplies,Paper,Xerox 220,12.96,2,0,6.2208
246,CA-2016-112123,3/3/2016,3/8/2016,Standard Class,SZ-19283,Shui Zhou Tan,Consumer,Malaysia,Sri Pangkor,Penang ,10250,West,OFF-PA-10001977,Office Supplies,Paper,Xerox 194,166.44,3,0,79.8912
247,CA-2015-114468,8/23/2015,8/23/2015,Same Day,YJ-14732,Yin Jie Suen,Consumer,Malaysia,Miri ,Sarawak,98000,East,OFF-PA-10000809,Office Supplies,Paper,Xerox 206,10.368,2,0.2,3.6288
248,US-2017-140074,3/23/2017,3/29/2017,Standard Class,ZH-19284,Zheng He Feng,Consumer,Malaysia,Ampang,Selangor,68000,West,OFF-PA-10002741,Office Supplies,Paper,Xerox 1980,25.68,6,0,11.556
249,CA-2016-121671,7/17/2016,7/22/2016,Standard Class,GY-98543,Guo Yating Huang,Consumer,Malaysia,Sri Pangkor,Penang ,10250,West,OFF-PA-10001934,Office Supplies,Paper,Xerox 1993,51.84,8,0,25.4016
250,CA-2016-150350,8/23/2016,8/30/2016,Standard Class,WM-15739,Wu Mei Tso,Consumer,Malaysia,Miri ,Sarawak,98000,East,OFF-PA-10002160,Office Supplies,Paper,Xerox 1978,34.68,6,0,16.9932
251,CA-2017-147564,10/2/2017,10/6/2017,Standard Class,XY-19382,Xiu Ying Kuang,Consumer,Malaysia,Ampang,Selangor,68000,West,OFF-PA-10004438,Office Supplies,Paper,Xerox 1907,49.12,4,0,23.0864
252,CA-2016-120558,6/7/2016,6/10/2016,First Class,ZG-21384,Zhou Guo Zeng,Home Office,Malaysia,Ampang,Selangor,68000,West,OFF-PA-10003441,Office Supplies,Paper,Xerox 226,32.4,5,0,15.552
253,CA-2014-153969,9/21/2014,9/25/2014,Standard Class,FQ-54356,Fu Qing Wen,Consumer,Malaysia,Sri Pangkor,Penang ,10250,West,OFF-PA-10000327,Office Supplies,Paper,Xerox 1971,38.52,9,0,17.334
254,CA-2014-165428,9/1/2014,9/4/2014,First Class,MX-45354,Mu Xiu Yu,Consumer,Malaysia,Miri ,Sarawak,98000,East,OFF-PA-10004100,Office Supplies,Paper,Xerox 216,31.104,6,0.2,10.8864
255,CA-2014-164224,5/18/2014,5/20/2014,Second Class,YJ-42367,Ya Jia Leong,Consumer,Malaysia,Sri Pangkor,Penang ,10250,West,OFF-PA-10001526,Office Supplies,Paper,Xerox 1949,15.936,4,0.2,5.7768
256,CA-2014-151554,11/14/2014,11/15/2014,First Class,HJ-29385,Hong Jia Wu,Corporate,Malaysia,Miri ,Sarawak,98000,East,OFF-PA-10004609,Office Supplies,Paper,Xerox 221,20.736,4,0.2,7.2576
257,CA-2014-140662,11/17/2014,11/19/2014,First Class,QF-98871,Qing Fu Wu,Corporate,Malaysia,Miri ,Sarawak,98000,East,OFF-PA-10003395,Office Supplies,Paper,Xerox 1941,733.95,7,0,352.296
258,CA-2014-102988,4/5/2014,4/9/2014,Second Class,SN-37598,Shu Nuan Jiang,Corporate,Malaysia,Ampang,Selangor,68000,West,OFF-PA-10003349,Office Supplies,Paper,Xerox 1957,12.96,2,0,6.3504
259,US-2014-117170,9/17/2014,9/24/2014,Standard Class,LA-38756,Lim Ai Cao,Consumer,Malaysia,Ampang,Selangor,68000,West,OFF-PA-10000682,Office Supplies,Paper,Xerox 1924,4.624,1,0.2,1.6762
260,US-2014-133130,9/27/2014,10/1/2014,Standard Class,BY-35489,Bai Ya Pei,Consumer,Malaysia,Putrajaya,Kuala Lumpur,43000,West,OFF-PA-10000675,Office Supplies,Paper,Xerox 1919,81.98,2,0,40.1702
261,CA-2014-165309,11/11/2014,11/15/2014,Standard Class,KT-39280,Karen Tong,Consumer,Malaysia,Putrajaya,Kuala Lumpur,43000,West,OFF-PA-10001033,Office Supplies,Paper,Xerox 1893,262.336,8,0.2,95.0968
262,CA-2016-145982,8/27/2016,9/1/2016,Second Class,TG-23222,Ted Goh,Consumer,Malaysia,Cyberjaya,Kuala Lumpur,47100,West,OFF-PA-10000675,Office Supplies,Paper,Xerox 1919,122.97,3,0,60.2553
263,CA-2015-139962,12/13/2015,12/20/2015,Standard Class,AK-29382,Aren Kong,Home Office,Malaysia,Sri Pangkor,Penang ,10250,West,OFF-PA-10004451,Office Supplies,Paper,Xerox 222,19.44,3,0,9.3312
264,CA-2014-165379,7/9/2014,7/15/2014,Standard Class,BK-10293,Brian Kwan,Corporate,Malaysia,Sri Pangkor,Penang ,10250,West,OFF-PA-10002245,Office Supplies,Paper,Xerox 1895,14.352,3,0.2,4.485
265,CA-2017-142867,3/17/2017,3/21/2017,Standard Class,PJ-58694,Ping Juan Zhang,Home Office,Malaysia,Putrajaya,Kuala Lumpur,43000,West,OFF-PA-10004610,Office Supplies,Paper,Xerox 1900,10.272,3,0.2,3.21
266,CA-2017-101077,3/25/2017,3/30/2017,Second Class,DT-21113,Diana Teh,Consumer,Malaysia,Cyberjaya,Kuala Lumpur,47100,West,OFF-PA-10004239,Office Supplies,Paper,Xerox 1953,6.848,2,0.2,2.14
267,US-2017-148362,7/1/2017,7/8/2017,Standard Class,KK-12304,Karen Kaede,Home Office,Malaysia,Cyberjaya,Kuala Lumpur,47100,West,OFF-PA-10003441,Office Supplies,Paper,Xerox 226,25.92,4,0,12.4416
268,US-2017-150847,4/30/2017,5/6/2017,Standard Class,JK-19028,Jeremy Khor,Consumer,Malaysia,Cyberjaya,Kuala Lumpur,47100,West,OFF-PA-10004451,Office Supplies,Paper,Xerox 222,10.368,2,0.2,3.6288
269,CA-2016-100244,9/20/2016,9/24/2016,Standard Class,GT-99878,Greg Tan,Corporate,Malaysia,Sri Pangkor,Penang ,10250,West,OFF-PA-10002319,Office Supplies,Paper,Xerox 1944,77.52,2,0,37.9848
270,CA-2016-134803,5/28/2016,6/3/2016,Standard Class,BX-12888,Bao Xiang Leong,Consumer,Malaysia,Klang ,Selangor,40000,West,OFF-PA-10003790,Office Supplies,Paper,Xerox 1991,182.72,8,0,84.0512
271,CA-2017-148264,12/8/2017,12/9/2017,First Class,LK-12300,Luke Kay,Consumer,Malaysia,Klang ,Selangor,40000,West,OFF-PA-10003651,Office Supplies,Paper,Xerox 1968,60.12,9,0,28.8576
272,US-2015-147242,9/10/2015,9/14/2015,Standard Class,FY-59994,Fang Yun Suen,Corporate,Malaysia,Putrajaya,Kuala Lumpur,43000,West,OFF-PA-10003039,Office Supplies,Paper,Xerox 1960,278.82,9,0,125.469
273,CA-2015-100888,4/6/2015,4/10/2015,Standard Class,KJ-12992,Kun Juan Huang,Consumer,Malaysia,Putrajaya,Kuala Lumpur,43000,West,OFF-PA-10001019,Office Supplies,Paper,Xerox 1884,47.952,3,0.2,16.1838
274,CA-2016-131289,12/8/2016,12/14/2016,Standard Class,SK-14456,Stefania Khoo,Corporate,Malaysia,Cyberjaya,Kuala Lumpur,47100,West,OFF-PA-10003363,Office Supplies,Paper,Xerox 204,45.36,7,0,21.7728
275,CA-2017-125115,4/10/2017,4/10/2017,Same Day,RD-19930,Russell Dang,Consumer,Malaysia,Sri Pangkor,Penang ,10250,West,OFF-PA-10004101,Office Supplies,Paper,Xerox 1894,10.368,2,0.2,3.6288
276,CA-2014-166863,6/20/2014,6/24/2014,Standard Class,SN-15435,Sam Ng,Consumer,Malaysia,Sri Pangkor,Penang ,10250,West,OFF-PA-10001166,Office Supplies,Paper,Xerox 2,15.552,3,0.2,5.4432
277,US-2016-113649,8/9/2016,8/12/2016,First Class,HW-19029,Helen Wong,Consumer,Malaysia,Sri Pangkor,Penang ,10250,West,OFF-PA-10000130,Office Supplies,Paper,Xerox 199,30.816,9,0.2,9.63
278,CA-2016-114482,11/21/2016,11/25/2016,Second Class,NX-49993,Ng Xuan Ping,Corporate,Malaysia,Ampang,Selangor,68000,West,OFF-PA-10003845,Office Supplies,Paper,Xerox 1987,40.46,7,0,19.8254
279,CA-2017-118542,12/1/2017,12/5/2017,Standard Class,PX-00998,Pan Xiao Ting,Consumer,Malaysia,Ampang,Selangor,68000,West,OFF-PA-10004735,Office Supplies,Paper,Xerox 1905,45.36,7,0,21.7728
280,CA-2016-130029,7/3/2016,7/6/2016,First Class,DJ-88796,Ding Jun Hui,Consumer,Malaysia,Miri ,Sarawak,98000,East,OFF-PA-10000552,Office Supplies,Paper,Xerox 200,12.96,2,0,6.2208
281,US-2017-126081,6/29/2017,7/4/2017,Standard Class,FC-14335,Fred Chung,Corporate,Malaysia,Miri ,Sarawak,98000,East,OFF-PA-10003953,Office Supplies,Paper,Xerox 218,5.184,1,0.2,1.8144
282,CA-2017-117807,10/1/2017,10/7/2017,Standard Class,DP-99786,Dave Pang,Consumer,Malaysia,Ampang,Selangor,68000,West,OFF-PA-10000994,Office Supplies,Paper,Xerox 1915,104.85,1,0,50.328
283,CA-2014-102869,9/9/2014,9/14/2014,Second Class,LG-05060,Logan Goh,Consumer,Malaysia,Ampang,Selangor,68000,West,OFF-PA-10000788,Office Supplies,Paper,Xerox 210,15.552,3,0.2,5.4432
284,CA-2017-112956,8/21/2017,8/27/2017,Standard Class,TT-64758,Tracy Tan,Home Office,Malaysia,Miri ,Sarawak,98000,East,OFF-PA-10000357,Office Supplies,Paper,Xerox 1888,277.4,5,0,133.152
285,CA-2016-145177,11/10/2016,11/14/2016,Standard Class,TA-93874,Tai Ai Wen,Home Office,Malaysia,Ampang,Selangor,68000,West,OFF-PA-10004039,Office Supplies,Paper,Xerox 1882,89.568,2,0.2,32.4684
286,CA-2016-145177,11/10/2016,11/14/2016,Standard Class,GK-98729,Goh Kan Wing,Home Office,Malaysia,Ampang,Selangor,68000,West,OFF-PA-10000682,Office Supplies,Paper,Xerox 1924,4.624,1,0.2,1.6762
287,CA-2014-146528,7/25/2014,7/27/2014,Second Class,VT-92800,Vicky Tan,Home Office,Malaysia,Miri ,Sarawak,98000,East,OFF-PA-10002195,Office Supplies,Paper,Xerox 1966,6.48,1,0,3.1752
288,US-2017-129777,7/3/2017,7/9/2017,Standard Class,FG-00526,Frank Goh,Home Office,Malaysia,Putrajaya,Kuala Lumpur,43000,West,OFF-PA-10001970,Office Supplies,Paper,Xerox 1881,24.56,2,0,11.5432
289,CA-2014-129364,12/8/2014,12/13/2014,Standard Class,TY-11124,Tan Yuan Ai,Consumer,Malaysia,Miri ,Sarawak,98000,East,OFF-PA-10001569,Office Supplies,Paper,Xerox 232,10.368,2,0.2,3.6288
290,CA-2017-154109,11/6/2017,11/11/2017,Standard Class,MW-05119,Maris Wong,Consumer,Malaysia,Putrajaya,Kuala Lumpur,43000,West,OFF-PA-10000157,Office Supplies,Paper,Xerox 191,47.952,3,0.2,16.1838
291,CA-2017-140760,6/2/2017,6/5/2017,Second Class,DP-06260,Denny Pang,Consumer,Malaysia,Miri ,Sarawak,98000,East,OFF-PA-10002479,Office Supplies,Paper,Xerox 4200 Series MultiUse Premium Copy Paper (20Lb. and 84 Bright),25.344,6,0.2,7.92
292,CA-2015-104941,6/13/2015,6/19/2015,Standard Class,DH-92898,Dave Hang,Corporate,Malaysia,Putrajaya,Kuala Lumpur,43000,West,OFF-PA-10003363,Office Supplies,Paper,Xerox 204,32.4,5,0,15.552
293,CA-2017-113670,10/15/2017,10/17/2017,First Class,Rw-99283,Roland Wong,Corporate,Malaysia,Ampang,Selangor,68000,West,OFF-PA-10000675,Office Supplies,Paper,Xerox 1919,204.95,5,0,100.4255
294,CA-2014-135608,12/8/2014,12/10/2014,Second Class,JK-15625,Jim Kong,Consumer,Malaysia,Ampang,Selangor,68000,West,OFF-PA-10001954,Office Supplies,Paper,Xerox 1964,45.68,2,0,21.0128
295,CA-2017-168193,3/6/2017,3/11/2017,Second Class,TA-99432,Tan Ai Peng,Consumer,Malaysia,Cyberjaya,Kuala Lumpur,47100,West,OFF-PA-10002254,Office Supplies,Paper,Xerox 1883,26.38,1,0,12.1348
296,CA-2016-137848,1/15/2016,1/21/2016,Standard Class,WC-12387,William Choong,Consumer,Malaysia,Cyberjaya,Kuala Lumpur,47100,West,OFF-PA-10004285,Office Supplies,Paper,Xerox 1959,60.12,9,0,28.8576
297,US-2014-102715,4/11/2014,4/13/2014,Second Class,JC-90849,Jay Chou,Consumer,Malaysia,Sri Pangkor,Penang ,10250,West,OFF-PA-10000029,Office Supplies,Paper,Xerox 224,10.368,2,0.2,3.6288
298,CA-2017-118521,2/16/2017,2/20/2017,Standard Class,LW-13029,Luke Wong,Consumer,Malaysia,Sri Pangkor,Penang ,10250,West,OFF-PA-10003465,Office Supplies,Paper,Xerox 1912,37.94,2,0,18.2112
299,CA-2017-121314,9/23/2017,9/26/2017,First Class,BT-69696,Bobby Tan,Consumer,Malaysia,Sri Pangkor,Penang ,10250,West,OFF-PA-10003395,Office Supplies,Paper,Xerox 1941,251.64,3,0.2,88.074
300,CA-2016-156503,10/14/2016,10/20/2016,Standard Class,JT-96969,John Tong,Consumer,Malaysia,Putrajaya,Kuala Lumpur,43100,West,OFF-PA-10002319,Office Supplies,Paper,Xerox 1944,93.024,3,0.2,33.7212
301,CA-2016-156503,10/14/2016,10/20/2016,Standard Class,BK-18415,Sio Buk Keang,Consumer,Malaysia,Puchong,Selangor ,28540,West,OFF-PA-10002377,Office Supplies,Paper,Xerox 1916,39.152,1,0.2,14.682
302,CA-2016-152471,7/8/2016,7/8/2016,Same Day,JK-21925,Jane Kumar,Consumer,Malaysia,Subang,Selangor ,32216,West,OFF-PA-10004965,Office Supplies,Paper,Xerox 1921,15.984,2,0.2,4.995
303,CA-2015-142377,12/4/2015,12/9/2015,Standard Class,YY-17980,Yang Yow Ying,Corporate,Malaysia,Kuala Terengganu,Terengganu,65807,West,OFF-PA-10001970,Office Supplies,Paper,Xerox 1881,85.96,7,0,40.4012
304,CA-2015-132486,10/23/2015,10/27/2015,Second Class,RK-15355,M. G. G. Raj Kaur,Consumer,Malaysia,Kuala Terengganu,Terengganu,92105,West,OFF-PA-10004971,Office Supplies,Paper,Xerox 196,11.56,2,0,5.6644
305,CA-2016-136231,9/5/2016,9/7/2016,Second Class,BU-13015,B. Uthaya,Consumer,Malaysia,Petaling Jaya,Selangor ,37604,West,OFF-PA-10000327,Office Supplies,Paper,Xerox 1971,10.272,3,0.2,3.21
306,CA-2015-129896,6/15/2015,6/20/2015,Standard Class,NM-19120,Hjh Nurhafizah Mahmudin binti Abdullah,Consumer,Malaysia,Melaka Town,Melaka,85234,West,OFF-PA-10002245,Office Supplies,Paper,Xerox 1895,9.568,2,0.2,2.99
307,CA-2017-134285,12/7/2017,12/12/2017,Standard Class,KJ-13180,Karnail Jayaram,Corporate,Malaysia,Jalan Yap Ah Lor,Kuala Lumpur,78207,West,OFF-PA-10000304,Office Supplies,Paper,Xerox 1995,15.552,3,0.2,5.4432
308,CA-2015-121097,1/3/2015,1/8/2015,Standard Class,MT-20965,Muhammad Thalahuddin Maruzi bin Ngadenan,Corporate,Malaysia,Jalan Yap Kuan Sheng,Kuala Lumpur ,77520,West,OFF-PA-10001937,Office Supplies,Paper,Xerox 21,10.368,2,0.2,3.6288
309,CA-2017-148068,9/18/2017,9/25/2017,Standard Class,AD-18280,Ambiga a/l Darma Raja,Corporate,Malaysia,Kuching,Sarawak,10035,East,OFF-PA-10001639,Office Supplies,Paper,Xerox 203,19.44,3,0,9.3312
310,CA-2017-146920,8/28/2017,9/1/2017,Standard Class,JS-20305,John Sakadivan,Consumer,Malaysia,Pudu ,Kuala Lumpur ,60623,West,OFF-PA-10002479,Office Supplies,Paper,Xerox 4200 Series MultiUse Premium Copy Paper (20Lb. and 84 Bright),25.344,6,0.2,7.92
311,CA-2016-162082,3/14/2016,3/17/2016,First Class,MW-15880,Muhammed Wan Zulkarnain bin Zarul Safrizal,Consumer,Malaysia,Rawang,Selangor ,78550,West,OFF-PA-10001934,Office Supplies,Paper,Xerox 1993,5.184,1,0.2,1.8792
312,CA-2015-118955,6/16/2015,6/20/2015,Standard Class,JS-17230,Jane Sidhu,Consumer,Malaysia,Ipoh,Perak,75051,West,OFF-PA-10004156,Office Supplies,Paper,Xerox 188,27.216,3,0.2,9.8658
313,CA-2017-160458,5/27/2017,5/29/2017,Second Class,AM-13945,S. A. Mahadev,Consumer,Malaysia,Pudu ,Kuala Lumpur ,38109,West,OFF-PA-10001166,Office Supplies,Paper,Xerox 2,25.92,5,0.2,9.072
314,CA-2016-133144,5/16/2016,5/21/2016,Second Class,GN-13435,Mark Lau Gai Neu,Consumer,Malaysia,Melaka Town,Melaka,90036,West,OFF-PA-10004971,Office Supplies,Paper,Xerox 196,17.34,3,0,8.4966
315,CA-2017-167871,11/18/2017,11/23/2017,Standard Class,PH-10870,Priya Haridas a/l Balachandra Kayveas,Consumer,Malaysia,KLCC,Kuala Lumpur,33030,West,OFF-PA-10001977,Office Supplies,Paper,Xerox 194,44.384,1,0.2,15.5344
316,CA-2016-119963,11/18/2016,11/22/2016,Standard Class,RM-20710,Rafiee Mahyus,Home Office,Malaysia,Kuching,Sarawak,77506,East,OFF-PA-10001970,Office Supplies,Paper,Xerox 1881,19.648,2,0.2,6.6312
317,US-2015-163685,6/1/2015,6/5/2015,Standard Class,AR-16420,Nur Hjh Atiqah Redha binti Che Shameer Sanorhizam,Corporate,Malaysia,Sungai Buloh,Selangor ,78207,West,OFF-PA-10002606,Office Supplies,Paper,Xerox 1928,42.24,10,0.2,13.2
318,CA-2014-135090,11/22/2014,11/26/2014,Standard Class,HZ-20920,Muhammed Hj Zaukepli Imtiyaz bin Saudi,Consumer,Malaysia,Kota Kinabalu,Sabah ,90036,East,OFF-PA-10002245,Office Supplies,Paper,Xerox 1895,53.82,9,0,24.219
319,CA-2016-135265,7/7/2016,7/9/2016,Second Class,MB-12370,Mohammad Bazli bin Mat Margono,Consumer,Malaysia,Kuching,Sarawak,90045,East,OFF-PA-10002923,Office Supplies,Paper,Xerox 1942,48.94,1,0,24.47
320,US-2015-168732,12/10/2015,12/16/2015,Standard Class,JT-16660,Jane Tam,Consumer,Malaysia,Putrajaya ,Putrajaya ,30076,West,OFF-PA-10000520,Office Supplies,Paper,Xerox 201,25.92,4,0,12.4416
321,CA-2017-100811,11/21/2017,11/24/2017,First Class,MM-12475,Noor Mysarah Maszuni binti Kutni Kamil,Consumer,Malaysia,Keningau,Sabah ,19143,East,OFF-PA-10001204,Office Supplies,Paper,Xerox 1972,8.448,2,0.2,2.64
322,CA-2015-165624,8/23/2015,8/28/2015,Standard Class,JT-14350,John Tern,Consumer,Malaysia,Pulau Pinang	,Pulau Pinang,30318,West,OFF-PA-10002319,Office Supplies,Paper,Xerox 1944,193.8,5,0,94.962
323,CA-2015-165624,8/23/2015,8/28/2015,Standard Class,WH-14350,Muhamad Wan Hidayat bin Mustaqim,Consumer,Malaysia,Ranau,Sabah ,30318,East,OFF-PA-10003893,Office Supplies,Paper,Xerox 1962,21.4,5,0,9.63
324,CA-2015-165624,8/23/2015,8/28/2015,Standard Class,KM-14350,Natalie Khoo Mae Koh,Consumer,Malaysia,Muar,Johor ,30318,West,OFF-PA-10002499,Office Supplies,Paper,Xerox 1890,97.88,2,0,48.94
325,CA-2014-110786,12/29/2014,1/2/2015,Standard Class,SA-10795,Nur Syazwana Azlim binti Syed Aizad,Corporate,Malaysia,Nusajaya,Johor ,94110,West,OFF-PA-10000528,Office Supplies,Paper,Xerox 1981,21.12,4,0,9.504
326,US-2017-151316,6/24/2017,6/30/2017,Standard Class,CR-17635,Haji Che Ridzwan Shahrazy bin Che Amami Baharin,Corporate,Malaysia,Serian,Sarawak ,62521,East,OFF-PA-10000327,Office Supplies,Paper,Xerox 1971,10.272,3,0.2,3.21
327,CA-2014-116904,9/23/2014,9/28/2014,Standard Class,TC-20095,Chang Teo Choong,Consumer,Malaysia,Jerantut,Pahang ,55407,West,OFF-PA-10004888,Office Supplies,Paper,Xerox 217,32.4,5,0,15.552
328,US-2017-102288,6/19/2017,6/23/2017,Standard Class,SN-21910,Hjh Syafiyana Nurnaim binti Samsul Azhari,Consumer,Malaysia,Gemencheh,Negeri Sembilan ,77095,West,OFF-PA-10000740,Office Supplies,Paper,Xerox 1982,146.176,8,0.2,47.5072
329,CA-2015-153717,12/25/2015,1/1/2016,Standard Class,MS-13495,Muhamad Sameer bin Sharum,Corporate,Malaysia,Bintulu,Sarawak ,48227,East,OFF-PA-10002160,Office Supplies,Paper,Xerox 1978,17.34,3,0,8.4966
330,CA-2015-153416,11/24/2015,11/29/2015,Standard Class,JM-21340,John Madhavan,Consumer,Malaysia,Kota Kinabalu,Sabah ,90036,East,OFF-PA-10002005,Office Supplies,Paper,Xerox 225,19.44,3,0,9.3312
331,CA-2015-111703,7/2/2015,7/9/2015,Standard Class,JT-16315,Jane Thun,Consumer,Malaysia,Bau,Sarawak ,33021,East,OFF-PA-10003349,Office Supplies,Paper,Xerox 1957,15.552,3,0.2,5.6376
332,CA-2015-160213,3/8/2015,3/13/2015,Standard Class,MK-10825,Mahaletchumy Kuppusamy a/l Theseira,Corporate,Malaysia,Bau,Sarawak,11561,East,OFF-PA-10003848,Office Supplies,Paper,Xerox 1997,19.44,3,0,9.3312
333,CA-2015-100216,4/13/2015,4/14/2015,First Class,SY-14875,Hjh Suhailah Yamani binti Shamsuddin,Home Office,Malaysia,Kuala Lumpur,Kuala Lumpur,85204,West,OFF-PA-10000788,Office Supplies,Paper,Xerox 210,31.104,6,0.2,10.8864
334,CA-2015-100216,4/13/2015,4/14/2015,First Class,JD-14875,Siong Leung Do,Home Office,Malaysia,Ipoh,Perak ,85204,West,OFF-PA-10002968,Office Supplies,Paper,Xerox 1973,54.816,3,0.2,17.8152
335,CA-2016-152163,7/1/2016,7/1/2016,Same Day,GS-15355,Gheetha Sangalimuthu a/l Murugesan Namasivayam,Consumer,Malaysia,Rembau,Negeri Sembilan,29203,West,OFF-PA-10000788,Office Supplies,Paper,Xerox 210,12.96,2,0,6.2208
336,CA-2014-128846,4/7/2014,4/12/2014,Standard Class,SP-19765,Swarna Puaneswaran a/l Krishnasamy,Corporate,Malaysia,Raub,Pahang ,29203,West,OFF-PA-10000100,Office Supplies,Paper,Xerox 1945,122.97,3,0,60.2553
337,CA-2015-129392,7/8/2015,7/8/2015,Same Day,AM-13015,Ambiga a/l Mahadev,Consumer,Malaysia,Klang,Selangor ,77070,West,OFF-PA-10004248,Office Supplies,Paper,Xerox 1990,21.12,5,0.2,6.6
338,CA-2015-143105,12/10/2015,12/10/2015,Same Day,AB-17560,Hassan Azmi bin Azim Haniff,Home Office,Malaysia,Ipoh,Perak,10024,West,OFF-PA-10002254,Office Supplies,Paper,Xerox 1883,184.66,7,0,84.9436
339,CA-2017-109715,12/9/2017,12/14/2017,Standard Class,RS-10585,Rajeswary Sankar a/l Shankar,Consumer,Malaysia,Taiping,Perak,60623,West,OFF-PA-10004965,Office Supplies,Paper,Xerox 1921,15.984,2,0.2,4.995
340,CA-2014-166457,5/5/2014,5/9/2014,Second Class,JK-19120,Jane Kandasamy,Consumer,Malaysia,Kajang,Selangor ,40475,West,OFF-PA-10001363,Office Supplies,Paper,Xerox 1933,24.56,2,0,11.5432
341,CA-2017-134565,6/11/2017,6/13/2017,Second Class,HF-21400,Nur Hajjah Farrah Ramdan binti Sardine Amirullah,Consumer,Malaysia,Kota Kinabalu,Sabah,98103,East,OFF-PA-10004243,Office Supplies,Paper,Xerox 1939,37.94,2,0,18.2112
342,CA-2017-100223,7/5/2017,7/10/2017,Standard Class,JP-16945,John Panchanathan,Corporate,Malaysia,Shah Alam,Selangor ,75220,West,OFF-PA-10000232,Office Supplies,Paper,Xerox 1975,15.552,3,0.2,5.6376
343,CA-2017-100223,7/5/2017,7/10/2017,Standard Class,NB-16945,Nur Nazura binti Fadhil,Corporate,Malaysia,Kangar,Perlis ,75220,West,OFF-PA-10002195,Office Supplies,Paper,Xerox 1966,31.104,6,0.2,11.2752
344,CA-2017-158673,12/29/2017,1/4/2018,Standard Class,AT-16600,Thew Ah Tai,Corporate,Malaysia,Melaka,Melaka,49505,West,OFF-PA-10000994,Office Supplies,Paper,Xerox 1915,209.7,2,0,100.656
345,CA-2014-125829,11/4/2014,11/11/2014,Standard Class,QL-21850,Bai Quok Lin,Consumer,Malaysia,Papar,Sabah ,90045,East,OFF-PA-10000223,Office Supplies,Paper,Xerox 2000,19.44,3,0,9.3312
346,CA-2017-149853,10/3/2017,10/9/2017,Standard Class,MO-18850,Muhammad Omar bin Asyraaf,Consumer,Malaysia,Kuching,Sarawak,33012,East,OFF-PA-10000556,Office Supplies,Paper,Xerox 208,15.552,3,0.2,5.4432
347,CA-2017-133501,8/27/2017,9/1/2017,Standard Class,VP-12895,Vishnu Pandithan a/l Perera,Consumer,Malaysia,Shah Alam,Selangor ,37064,West,OFF-PA-10004888,Office Supplies,Paper,Xerox 217,5.184,1,0.2,1.8144
348,CA-2017-107748,12/10/2017,12/12/2017,Second Class,RK-10330,K. R.Kasthuriraani,Consumer,Malaysia,Johor Bahru,Johor,95207,West,OFF-PA-10002005,Office Supplies,Paper,Xerox 225,12.96,2,0,6.2208
349,CA-2017-162565,12/11/2017,12/11/2017,Same Day,NF-19315,Nurain Fauzi binti Che Akid,Consumer,Malaysia,Butterworth,Peneng,60505,West,OFF-PA-10001937,Office Supplies,Paper,Xerox 21,10.368,2,0.2,3.6288
350,CA-2017-117044,9/11/2017,9/13/2017,Second Class,JO-14920,John OuYang,Consumer,Malaysia,Butterworth,Peneng,60623,West,OFF-PA-10003657,Office Supplies,Paper,Xerox 1927,20.544,6,0.2,6.42
351,CA-2017-111556,11/20/2017,11/22/2017,First Class,BH-11920,Khairun bin Hasif,Consumer,Malaysia,Kuching,Sarawak,10035,East,OFF-PA-10003651,Office Supplies,Paper,Xerox 1968,46.76,7,0,22.4448
352,CA-2016-100041,11/20/2016,11/25/2016,Standard Class,JP-10975,Jane Purushothaman,Corporate,Malaysia,Seremban,Negeri Sembilan,47201,West,OFF-PA-10000418,Office Supplies,Paper,Xerox 189,314.55,3,0,150.984
353,CA-2016-162726,12/27/2016,1/2/2017,Standard Class,SS-17815,Sannatasah Sodhy a/l Tatparanandam,Consumer,Malaysia,Klang,Selangor ,77642,West,OFF-PA-10001972,Office Supplies,Paper,Xerox 214,10.368,2,0.2,3.6288
354,US-2016-111290,7/22/2016,7/26/2016,Standard Class,SA-13375,Nik Samad Amirullah,Consumer,Malaysia,Ipoh,Perak,48185,West,OFF-PA-10002262,Office Supplies,Paper,Xerox 192,32.4,5,0,15.552
355,US-2014-147704,11/16/2014,11/21/2014,Standard Class,MY-20740,Mohamed Yusfaisal Din,Home Office,Malaysia,Kepong,Kuala Lumpur ,47401,West,OFF-PA-10003270,Office Supplies,Paper,Xerox 1954,31.68,6,0,14.256
356,CA-2015-121965,6/19/2015,6/23/2015,Standard Class,CH-17155,Chin Chio Hoon,Consumer,Malaysia,Kepong,Kuala Lumpur ,90032,West,OFF-PA-10004355,Office Supplies,Paper,Xerox 231,6.48,1,0,3.1104
357,CA-2017-115175,8/7/2017,8/12/2017,Standard Class,HB-17575,Syakira Haron binti Nik Rukmanihakim,Consumer,Malaysia,Kepong,Kuala Lumpur ,95123,West,OFF-PA-10001878,Office Supplies,Paper,Xerox 1891,244.55,5,0,114.9385
358,US-2017-125717,9/28/2017,10/1/2017,First Class,MS-13030,Mohamed Syed Syawal Hasif bin Syed Haffize,Home Office,Malaysia,Klang,Selangor ,80013,West,OFF-PA-10003022,Office Supplies,Paper,Xerox 1992,14.352,3,0.2,5.2026
359,CA-2017-168641,11/24/2017,12/1/2017,Standard Class,SB-16525,Nur Syarafina binti Khasri,Consumer,Malaysia,Klang,Selangor ,10035,West,OFF-PA-10001972,Office Supplies,Paper,Xerox 214,12.96,2,0,6.2208
360,CA-2017-121300,9/29/2017,9/29/2017,Same Day,JH-17680,John Husna,Home Office,Malaysia,Kepong,Kuala Lumpur ,44060,West,OFF-PA-10002787,Office Supplies,Paper,Xerox 227,15.552,3,0.2,5.4432
361,CA-2017-121300,9/29/2017,9/29/2017,Same Day,EL-17680,E. Iyer,Home Office,Malaysia,Kepong,Kuala Lumpur ,44060,West,OFF-PA-10002606,Office Supplies,Paper,Xerox 1928,8.448,2,0.2,2.64
362,CA-2014-147235,3/24/2014,3/28/2014,Standard Class,JN-11920,Jane Nashriq,Consumer,Malaysia,Kepong,Kuala Lumpur ,10024,West,OFF-PA-10004948,Office Supplies,Paper,Xerox 190,24.9,5,0,11.703
363,CA-2016-109365,11/3/2016,11/8/2016,Standard Class,AR-21865,Antaza Rusyaidi binti Abdullah Salam,Consumer,Malaysia,Kepong,Kuala Lumpur ,90049,West,OFF-PA-10001725,Office Supplies,Paper,Xerox 1892,116.28,3,0,56.9772
364,CA-2016-109365,11/3/2016,11/8/2016,Standard Class,ES-21865,E. Sangeeta,Consumer,Malaysia,Seremban,Negeri Sembilan,90049,West,OFF-PA-10000477,Office Supplies,Paper,Xerox 22,19.44,3,0,9.3312
365,CA-2014-150798,12/1/2014,12/3/2014,Second Class,TC-15730,Cheok Tik Gau,Consumer,Malaysia,Kuala Lumpur ,Kuala Lumpur ,43229,West,OFF-PA-10001972,Office Supplies,Paper,Xerox 214,36.288,7,0.2,12.7008
366,CA-2017-112753,6/18/2017,6/23/2017,Standard Class,VS-12670,Vijaya Sivanesan,Consumer,Malaysia,Johor Bahru,Johor,90032,West,OFF-PA-10002036,Office Supplies,Paper,Xerox 1930,38.88,6,0,19.0512
367,CA-2014-103401,11/21/2014,11/26/2014,Standard Class,ST-14560,Tai Sien Tee,Corporate,Malaysia,Johor Bahru,Johor,94110,West,OFF-PA-10003309,Office Supplies,Paper,Xerox 211,12.96,2,0,6.2208
368,CA-2016-124814,4/10/2016,4/16/2016,Standard Class,RC-14215,R. Cumaraswamy,Corporate,Malaysia,Klang,Selangor ,93309,West,OFF-PA-10002787,Office Supplies,Paper,Xerox 227,12.96,2,0,6.2208
369,CA-2014-116757,6/30/2014,7/4/2014,Standard Class,BN-17980,Afifa binti Nazlan,Corporate,Malaysia,Ipoh,Perak,77095,West,OFF-PA-10002005,Office Supplies,Paper,Xerox 225,25.92,5,0.2,9.072
370,CA-2015-163104,3/19/2015,3/26/2015,Standard Class,JK-18130,John Kumaresan,Corporate,Malaysia,Ipoh,Perak,90004,West,OFF-PA-10001947,Office Supplies,Paper,Xerox 1974,11.96,2,0,5.8604
371,US-2014-106334,12/27/2014,1/2/2015,Standard Class,JS-15490,Jane Seetho,Consumer,Malaysia,Kuala Lumpur ,Kuala Lumpur ,94122,West,OFF-PA-10003657,Office Supplies,Paper,Xerox 1927,12.84,3,0,5.778
372,US-2014-150126,7/27/2014,8/2/2014,Standard Class,LB-10045,Teo Leen Ban,Corporate,Malaysia,Seremban,Negeri Sembilan,10035,West,OFF-PA-10002709,Office Supplies,Paper,Xerox 1956,65.78,11,0,32.2322
373,US-2015-113327,5/26/2015,5/29/2015,Second Class,MZ-11170,Mohd Wan Zamre Sueib bin Zakaria,Home Office,Malaysia,Klang,Selangor ,28540,West,OFF-PA-10003790,Office Supplies,Paper,Xerox 1991,18.272,1,0.2,5.9384
374,US-2015-113327,5/26/2015,5/29/2015,Second Class,LL-11170,Steven Lai Low Gin,Home Office,Malaysia,Kajang,Selangor ,28540,West,OFF-PA-10003134,Office Supplies,Paper,Xerox 1937,153.728,4,0.2,53.8048
375,CA-2015-135020,5/28/2015,6/2/2015,Standard Class,RT-17770,Muhammet R Talib bin Ashrul,Consumer,Malaysia,Kajang,Selangor ,14609,West,OFF-PA-10004255,Office Supplies,Paper,Xerox 219,45.36,7,0,21.7728
376,CA-2017-147228,9/9/2017,9/14/2017,Standard Class,SL-20335,Cindy Shum Leen Chu,Consumer,Malaysia,Seremban,Negeri Sembilan,38401,West,OFF-PA-10000357,Office Supplies,Paper,Xerox 1888,177.536,4,0.2,62.1376
377,CA-2017-129357,5/14/2017,5/19/2017,Standard Class,HC-16585,Muhamad Hj Che R Zamhari bin Radzi,Corporate,Malaysia,Kota Kinabalu,Sabah,98103,East,OFF-PA-10003228,Office Supplies,Paper,Xerox 1917,440.19,9,0,206.8893
378,CA-2017-150987,4/8/2017,4/12/2017,Standard Class,KP-10120,N. K. Pillay,Home Office,Malaysia,Kota Kinabalu,Sabah,94110,East,OFF-PA-10001878,Office Supplies,Paper,Xerox 1891,244.55,5,0,114.9385
379,CA-2017-150987,4/8/2017,4/12/2017,Standard Class,HJ-10120,Kok Hi Jio,Home Office,Malaysia,Melaka,Melaka,94110,West,OFF-PA-10002923,Office Supplies,Paper,Xerox 1942,195.76,4,0,97.88
380,CA-2015-112130,5/3/2015,5/7/2015,Standard Class,JV-20785,John Veerasenan,Consumer,Malaysia,Ipoh,Perak,19140,West,OFF-PA-10002230,Office Supplies,Paper,Xerox 1897,7.968,2,0.2,2.8884
381,CA-2014-138681,12/20/2014,12/22/2014,First Class,GS-11995,Colin Hooi Gu Sho,Consumer,Malaysia,Shah Alam,Selangor ,85705,West,OFF-PA-10000357,Office Supplies,Paper,Xerox 1888,221.92,5,0.2,77.672
382,CA-2014-138681,12/20/2014,12/22/2014,First Class,JN-11995,Jane Ngeh,Consumer,Malaysia,Johor Bahru,Johor,85705,West,OFF-PA-10003270,Office Supplies,Paper,Xerox 1954,8.448,2,0.2,2.64
383,CA-2017-140298,5/11/2017,5/17/2017,Standard Class,NX-16120,Yap Nong Xun,Home Office,Malaysia,Shah Alam,Selangor ,78745,West,OFF-PA-10003657,Office Supplies,Paper,Xerox 1927,6.848,2,0.2,2.14
384,CA-2014-108273,12/16/2014,12/21/2014,Standard Class,ZB-13720,Erika Zahar binti Syed Subhi,Consumer,Malaysia,Kajang,Selangor ,77340,West,OFF-PA-10000029,Office Supplies,Paper,Xerox 224,36.288,7,0.2,12.7008
385,CA-2015-109736,10/10/2015,10/11/2015,First Class,MW-13420,Muhammed Wan Yazid Juhari bin Syed Yaacob,Corporate,Malaysia,Kerteh,Terengganu,94109,West,OFF-PA-10004101,Office Supplies,Paper,Xerox 1894,45.36,7,0,21.7728
386,CA-2015-142601,4/18/2015,4/20/2015,Second Class,BB-13255,Su Bok Bin,Home Office,Malaysia,Kerteh,Terengganu,90004,West,OFF-PA-10000483,Office Supplies,Paper,Xerox 19,61.96,2,0,27.882
387,US-2015-103996,3/29/2015,3/31/2015,Second Class,SS-19435,Sannatasah Sangalimuthu a/l Munshi Devaser,Consumer,Malaysia,Shah Alam,Selangor ,92105,West,OFF-PA-10001736,Office Supplies,Paper,Xerox 1880,212.64,6,0,99.9408
388,CA-2016-123526,12/24/2016,12/25/2016,First Class,RD-11245,Rajesh a/l Devamany,Corporate,Malaysia,Melaka,Melaka,98103,West,OFF-PA-10002986,Office Supplies,Paper,Xerox 1898,33.4,5,0,16.032
389,US-2017-147984,1/28/2017,2/1/2017,Standard Class,KT-14575,K. Thripura,Consumer,Malaysia,Taman Desa,Kuala Lumpur,67212,West,OFF-PA-10000806,Office Supplies,Paper,Xerox 1934,279.9,5,0,137.151
390,CA-2015-104346,12/11/2015,12/16/2015,Standard Class,JY-15070,John Yao,Consumer,Malaysia,Kuala Lumpur ,Kuala Lumpur ,80906,West,OFF-PA-10001166,Office Supplies,Paper,Xerox 1932,85.056,3,0.2,28.7064
391,US-2016-148901,5/14/2016,5/19/2016,Standard Class,LK-17905,Yau Lu Kai,Corporate,Malaysia,Muar,Johor ,32216,West,OFF-PA-10004983,Office Supplies,Paper,Xerox 23,31.104,6,0.2,10.8864
392,CA-2015-137708,11/22/2015,11/25/2015,Second Class,JL-18430,Jane Iyer,Consumer,Malaysia,Putrajaya ,Putrajaya ,90008,West,OFF-PA-10000176,Office Supplies,Paper,Xerox 1887,37.94,2,0,18.2112
393,CA-2015-137708,11/22/2015,11/25/2015,Second Class,VV-18430,Vijaya Vethamuthu a/l Karamjit,Consumer,Malaysia,Klang,Selangor ,90008,West,OFF-PA-10000327,Office Supplies,Paper,Xerox 1971,42.8,10,0,19.26
394,CA-2015-151589,12/27/2015,12/30/2015,First Class,RS-19450,Rasammah Sivanesan,Consumer,Malaysia,Tuaran,Sabah ,54703,East,OFF-PA-10003228,Office Supplies,Paper,Xerox 1917,195.64,4,0,91.9508
395,CA-2016-111696,5/8/2016,5/10/2016,First Class,IN-21625,Wan Ighfar Noradhzmi bin Shukri,Consumer,Malaysia,Papar,Sabah ,90004,East,OFF-PA-10002751,Office Supplies,Paper,Xerox 1920,17.94,3,0,8.073
396,CA-2017-167661,10/5/2017,10/10/2017,Standard Class,NY-18175,Oo Nian Yung,Home Office,Malaysia,Penang Hill	,Penang ,94110,West,OFF-PA-10002581,Office Supplies,Paper,Xerox 1951,61.96,2,0,27.882
397,CA-2017-106831,6/1/2017,6/3/2017,First Class,SK-14350,R. S. Kaveri,Consumer,Malaysia,Kuala Terengganu	,Terengganu ,43017,West,OFF-PA-10000682,Office Supplies,Paper,Xerox 1924,27.744,6,0.2,10.0572
398,CA-2017-131366,11/24/2017,11/29/2017,Standard Class,SH-20440,Shuhada Hasadi,Corporate,Malaysia,Bintulu,Sarawak ,17602,East,OFF-PA-10000675,Office Supplies,Paper,Xerox 1919,229.544,7,0.2,83.2097
399,CA-2014-151379,12/16/2014,12/20/2014,Standard Class,LL-20695,Oong Loy Lei,Corporate,Malaysia,Miri,Sarawak,48227,East,OFF-PA-10000595,Office Supplies,Paper,Xerox 1929,114.2,5,0,52.532
400,CA-2016-135776,12/23/2016,12/30/2016,Standard Class,EH-13765,Edward Hooks,Corporate,Malaysia,Kota Bharu	,Kelantan ,98103,West,OFF-PA-10004327,Office Supplies,Paper,Xerox 1911,47.9,1,0,22.992
401,US-2014-122021,10/15/2014,10/17/2014,First Class,AC-10660,Anna Chung,Consumer,Malaysia,Ipoh,Perak ,44134,West,OFF-PA-10002230,Office Supplies,Paper,Xerox 1897,7.968,2,0.2,2.8884
402,CA-2017-127306,1/14/2017,1/18/2017,Standard Class,YS-76465,Yong Sang Mon,Consumer,Malaysia,Asajaya,Sarawak,94600,East,OFF-PA-10000019,Office Supplies,Paper,Xerox 1931,36.288,7,0.2,12.7008
403,CA-2017-114055,12/25/2017,12/29/2017,Second Class,MH-45342,Muhamad Hj Fazal bin Djuhandie,Home Office,Malaysia,Beaufort,Sabah,89800,East,OFF-PA-10000994,Office Supplies,Paper,Xerox 1915,629.1,6,0,301.968
404,CA-2017-143245,12/1/2017,12/6/2017,Standard Class,BC-66725,B. C.  Puvaneswaran,Home Office,Malaysia,Johor Bahru,Johor,81200,West,OFF-PA-10001972,Office Supplies,Paper,Xerox 214,19.44,3,0,9.3312
405,CA-2015-144190,6/9/2015,6/13/2015,Standard Class,LN-78795,Luo Nah Yih,Consumer,Malaysia,Alor Setar,Kedah,5000,West,OFF-PA-10000304,Office Supplies,Paper,Xerox 1995,12.96,2,0,6.2208
406,CA-2014-160262,6/9/2014,6/13/2014,Second Class,JH-82789,Jane Harmaini,Corporate,Malaysia,Kota Tinggi,Johor,81900,West,OFF-PA-10003641,Office Supplies,Paper,Xerox 1909,79.14,3,0,36.4044
407,CA-2016-149279,4/24/2016,4/28/2016,Standard Class,MA-55796,Manogaran a/l Veloo Puspanathan,Home Office,Malaysia,Beluran,Sabah,90100,East,OFF-PA-10003441,Office Supplies,Paper,Xerox 226,15.552,3,0.2,5.4432
408,CA-2016-136126,5/24/2016,5/24/2016,Same Day,HC-98894,Haji Che Shahrun Azman bin S.rozli,Home Office,Malaysia,Gombak,Kuala Lumpur,53100,West,OFF-PA-10004327,Office Supplies,Paper,Xerox 1911,191.6,4,0,91.968
409,CA-2016-158694,11/10/2016,11/13/2016,Second Class,AH-98042,Addy Hui Peik Kou,Consumer,Malaysia,Arau,Perlis,2600,West,OFF-PA-10001363,Office Supplies,Paper,Xerox 1933,61.4,5,0,28.858
410,CA-2015-162166,9/8/2015,9/11/2015,First Class,JF-85403,Jamalludin Fayyad bin Al Faiser,Consumer,Malaysia,Bangsar,Kuala Lumpur,59100,West,OFF-PA-10002606,Office Supplies,Paper,Xerox 1928,26.4,5,0,11.88
411,US-2015-137533,12/18/2015,12/18/2015,Same Day,GK-89240,Gopinathan Kaveri a/l Nair,Home Office,Malaysia,Ayer Tawar,Perak,32400,West,OFF-PA-10003441,Office Supplies,Paper,Xerox 226,20.736,4,0.2,7.2576
412,CA-2016-108350,6/6/2016,6/9/2016,Second Class,NH-47924,Nur Hjh Syazwani binti Syed Baharin,Corporate,Malaysia,Tanah Merah,Kelantan,17500,West,OFF-PA-10003656,Office Supplies,Paper,Xerox 1935,105.52,4,0,48.5392
413,CA-2014-158442,3/17/2014,3/17/2014,Same Day,NN-74775,Nuur Najwani binti Pauzi Danial,Consumer,Malaysia,Batu Ferringhi,Pulau Pinang,11000,West,OFF-PA-10002195,Office Supplies,Paper,Xerox 1966,5.184,1,0.2,1.8792
414,CA-2014-158442,3/17/2014,3/17/2014,Same Day,FS-78782,Fam Shi Whay,Consumer,Malaysia, Ayer Keroh,Melaka,75450,West,OFF-PA-10002365,Office Supplies,Paper,Xerox 1967,15.552,3,0.2,5.4432
415,CA-2016-147970,1/31/2016,2/2/2016,Second Class,MD-15603,Mohammed Darul bin Haiqal,Consumer,Malaysia,Kepong,Kuala Lumpur,52100,West,OFF-PA-10003936,Office Supplies,Paper,Xerox 1994,15.552,3,0.2,5.4432
416,CA-2014-149538,4/4/2014,4/8/2014,Standard Class,NK-49764,Nithya Kandasamy a/l Naraina,Corporate,Malaysia,Imbi,Kuala Lumpur,55100,West,OFF-PA-10003797,Office Supplies,Paper,Xerox 209,19.44,3,0,9.3312
417,CA-2014-149538,4/4/2014,4/8/2014,Standard Class,SS-32866,Shanthi Shekhar a/l Rohan,Corporate,Malaysia,Chan Sow Lin,Kuala Lumpur,55200,West,OFF-PA-10002195,Office Supplies,Paper,Xerox 1966,12.96,2,0,6.3504
418,CA-2014-160766,9/14/2014,9/14/2014,Same Day,LL-70481,Lo Lat Ru,Consumer,Malaysia,Bahau,Negeri Sembilan,72100,West,OFF-PA-10000213,Office Supplies,Paper,Xerox 198,44.82,9,0,21.0654
419,CA-2014-121006,11/10/2014,11/16/2014,Standard Class,ET-65022,E. Theiviya,Consumer,Malaysia,Bahau,Negeri Sembilan,72100,West,OFF-PA-10000130,Office Supplies,Paper,Xerox 199,12.84,3,0,5.778
420,CA-2014-121006,11/10/2014,11/16/2014,Standard Class,DS-33269,D. S.  Vinod,Consumer,Malaysia,Limbang,Sarawak,98700,East,OFF-PA-10002479,Office Supplies,Paper,Xerox 4200 Series MultiUse Premium Copy Paper (20Lb. and 84 Bright),15.84,3,0,7.128
421,CA-2016-122903,5/27/2016,5/29/2016,Second Class,JT-20116,Jane Tea,Corporate,Malaysia,Tanah Merah,Kelantan,17500,West,OFF-PA-10001790,Office Supplies,Paper,Xerox 1910,144.12,3,0,69.1776
422,CA-2016-122903,5/27/2016,5/29/2016,Second Class,JR-86790,John Ridhwan,Corporate,Malaysia,Lingga,Sarawak,94900,East,OFF-PA-10000994,Office Supplies,Paper,Xerox 1915,314.55,3,0,150.984
423,CA-2017-108749,9/12/2017,9/15/2017,First Class,AA-30564,Anita a/l Doraisingam,Corporate,Malaysia,Kota Kinabalu,Sabah,88450,East,OFF-PA-10003797,Office Supplies,Paper,Xerox 209,45.36,7,0,21.7728
424,CA-2014-101560,11/28/2014,12/1/2014,Second Class,CK-39820,Che Kemat Hasan bin Wan Abdulloh Fathi,Corporate,Malaysia,Bahau,Negeri Sembilan,72100,West,OFF-PA-10001363,Office Supplies,Paper,Xerox 1933,85.96,7,0,40.4012
425,CA-2017-134635,4/15/2017,4/17/2017,Second Class,PJ-47375,Preeta Jeevananthan a/l Yosri,Corporate,Malaysia,Layang-layang,Johor,81850,West,OFF-PA-10002254,Office Supplies,Paper,Xerox 1883,79.14,3,0,36.4044
426,US-2014-147648,11/26/2014,12/1/2014,Standard Class,SK-84916,Shanthi Kunalan a/l Arulraj,Home Office,Malaysia,Kepong,Kuala Lumpur,52100,West,OFF-PA-10001033,Office Supplies,Paper,Xerox 1893,81.98,2,0,40.1702
427,US-2016-169369,12/12/2016,12/18/2016,Standard Class,KR-19297,Kamalanathan Rao a/l Kasinather Navarednam,Consumer,Malaysia,Miri,Sarawak,98000,East,OFF-PA-10004438,Office Supplies,Paper,Xerox 1907,49.12,4,0,23.0864
428,CA-2016-130078,8/8/2016,8/14/2016,Standard Class,NF-61174,Nur Fartinah binti Syed Shah,Consumer,Malaysia, Papar,Sabah,90045,East,OFF-PA-10003270,Office Supplies,Paper,Xerox 1954,10.56,2,0,4.752
429,US-2017-114034,1/3/2017,1/8/2017,Standard Class,VA-68128,Vijandren a/l Selvakkumar Kumari,Consumer,Malaysia,Bagan Datoh,Perak,32400,West,OFF-PA-10004735,Office Supplies,Paper,Xerox 1905,38.88,6,0,18.6624
430,CA-2017-158722,10/20/2017,10/26/2017,Standard Class,CF-87247,Carrie Feng Fui Dang,Home Office,Malaysia,Tawau,Sabah,91000,East,OFF-PA-10000176,Office Supplies,Paper,Xerox 1887,45.528,3,0.2,15.9348
431,CA-2017-147452,9/30/2017,10/3/2017,First Class,RA-29390,Rani a/l Manickavasagam,Corporate,Malaysia,Imbi,Kuala Lumpur,55100,West,OFF-PA-10004039,Office Supplies,Paper,Xerox 1882,167.94,3,0,82.2906
432,CA-2014-159681,12/7/2014,12/13/2014,Standard Class,ND-29835,Nur Dianah Rafizal,Consumer,Malaysia,Kepong,Kuala Lumpur,52100,West,OFF-PA-10003641,Office Supplies,Paper,Xerox 1909,105.52,4,0,48.5392
433,CA-2015-105158,9/5/2015,9/10/2015,Standard Class,NN-63744,Noor Najian binti Wan Nazhan,Corporate,Malaysia,Bentong,Pahang,28700,West,OFF-PA-10001970,Office Supplies,Paper,Xerox 1881,36.84,3,0,17.3148
434,US-2017-136784,4/30/2017,5/5/2017,Standard Class,SK-82652,See Kat Rin,Home Office,Malaysia,Semporna,Sabah,91300,East,OFF-PA-10000675,Office Supplies,Paper,Xerox 1919,163.96,4,0,80.3404
435,CA-2017-142174,3/4/2017,3/9/2017,Standard Class,QP-23780,Qu Pang Tam,Consumer,Malaysia,Bentong,Pahang,28700,West,OFF-PA-10000806,Office Supplies,Paper,Xerox 1934,89.568,2,0.2,32.4684
436,US-2017-162558,10/2/2017,10/5/2017,First Class,VS-51366,Vasudevan Shivraj,Home Office,Malaysia,Ayer Hitam,Kedah,6150,West,OFF-PA-10003172,Office Supplies,Paper,Xerox 1996,20.736,4,0.2,7.2576
437,CA-2014-130813,1/6/2014,1/8/2014,Second Class,MF-98606,Mohamed Fazreen Kamil,Consumer,Malaysia,Melor,Kelantan,16400,West,OFF-PA-10002005,Office Supplies,Paper,Xerox 225,19.44,3,0,9.3312
438,CA-2014-103331,8/26/2014,9/1/2014,Standard Class,KL-54383,K. L. Shanti,Consumer,Malaysia,Yong Peng,Johor,83700,West,OFF-PA-10002160,Office Supplies,Paper,Xerox 1978,17.34,3,0,8.4966
439,US-2017-103814,12/9/2017,12/16/2017,Standard Class,JS-70213,John Samae,Consumer,Malaysia,Tangkak,Johor,84900,West,OFF-PA-10001019,Office Supplies,Paper,Xerox 1884,143.856,9,0.2,48.5514
440,CA-2017-147403,9/10/2017,9/13/2017,First Class,JG-28170,Jane Gnai,Corporate,Malaysia,Likas,Sabah,88856,East,OFF-PA-10003302,Office Supplies,Paper,Xerox 1906,85.056,3,0.2,28.7064
441,CA-2015-118738,10/24/2015,10/30/2015,Standard Class,YS-26457,Yosri Sangalimuthu a/l Vanajah,Corporate,Malaysia,Betong,Sarawak,95700,East,OFF-PA-10003177,Office Supplies,Paper,Xerox 1999,15.552,3,0.2,5.4432
442,CA-2015-118738,10/24/2015,10/30/2015,Standard Class,YN-47006,Yeo Ngau Hi,Corporate,Malaysia,Kota Marudu,Sabah,89100,East,OFF-PA-10001166,Office Supplies,Paper,Xerox 2,10.368,2,0.2,3.6288
443,CA-2016-149195,9/5/2016,9/7/2016,Second Class,ML-74367,Mahaletchumy Lakshmi,Corporate,Malaysia,Melor,Kelantan,16400,West,OFF-PA-10001870,Office Supplies,Paper,Xerox 202,25.92,5,0.2,9.072
444,CA-2016-149195,9/5/2016,9/7/2016,Second Class,MH-18377,Muhamed Huzaimi Halim bin Zulfadhli,Corporate,Malaysia,Kepong ,Kuala Lumpur,52100,West,OFF-PA-10002036,Office Supplies,Paper,Xerox 1930,10.368,2,0.2,3.7584
445,US-2017-125647,9/23/2017,9/28/2017,Standard Class,MW-25778,Mohammed Wan Khairin Hazrol bin Azmi,Consumer,Malaysia,Melor,Kelantan,16400,West,OFF-PA-10004888,Office Supplies,Paper,Xerox 217,20.736,4,0.2,7.2576
446,CA-2015-110877,10/23/2015,10/26/2015,First Class,HZ-63915,Hajjah Zatalini Afiq,Consumer,Malaysia,Kabong,Sarawak,94650,East,OFF-PA-10004621,Office Supplies,Paper,Xerox 212,36.288,7,0.2,12.7008
447,CA-2017-103009,11/3/2017,11/5/2017,Second Class,TC-79954,Tse Cen Yee,Corporate,Malaysia,Ranau,Sabah,89300,East,OFF-PA-10001215,Office Supplies,Paper,Xerox 1963,26.4,5,0,11.88
448,CA-2014-132451,9/26/2014,9/27/2014,First Class,ST-42695,Sum Tay Hiu,Home Office,Malaysia,Gombak,Kuala Lumpur,53100,West,OFF-PA-10004888,Office Supplies,Paper,Xerox 217,19.44,3,0,9.3312
449,CA-2017-169691,6/15/2017,6/18/2017,First Class,MK-11282,Muhamed Khairurrazi Dini bin Awaludin,Home Office,Malaysia,Kapit,Sarawak,96800,East,OFF-PA-10003022,Office Supplies,Paper,Xerox 1992,17.94,3,0,8.7906
450,US-2016-162026,10/8/2016,10/8/2016,Same Day,BS-41777,Balasubramaniam Shanmuganathan a/l Kathigasu,Consumer,Malaysia,Putrajaya,Putrajaya,62100,West,OFF-PA-10000167,Office Supplies,Paper,Xerox 1925,61.96,2,0,27.882
451,US-2017-152569,5/15/2017,5/20/2017,Standard Class,MI-55937,Mohd Ilman Zainordin bin Hakeem,Consumer,Malaysia,Langgar,Kedah,6500,Central,OFF-PA-10001736,Office Supplies,Paper,Xerox 1880,56.704,2,0.2,19.1376
452,CA-2017-117667,12/4/2017,12/9/2017,Standard Class,HW-83332,Haji Wan Zahiruddin bin Nik Asymawi Mirza,Corporate,Malaysia,Kudat,Sabah,89050,East,OFF-PA-10002709,Office Supplies,Paper,Xerox 1956,23.92,5,0.2,8.671
453,CA-2015-142055,5/8/2015,5/10/2015,First Class,MH-62029,Mohd Haji Zaiyon bin Syed Ngasiman Nasrodin,Home Office,Malaysia,Putrajaya,Putrajaya,62100,West,OFF-PA-10003465,Office Supplies,Paper,Xerox 1912,37.94,2,0,18.2112
454,US-2016-167472,6/6/2016,6/7/2016,First Class,MK-62757,Meng Kiet Chuah,Consumer,Malaysia,Lahad Datu,Sabah,91100,East,OFF-PA-10000157,Office Supplies,Paper,Xerox 191,59.94,3,0,28.1718
455,US-2016-167472,6/6/2016,6/7/2016,First Class,NH-35846,Nur Hajjah Norsuhana binti Nik Noraffendi,Consumer,Malaysia,Butterworth,Pulau Pinang,12000,West,OFF-PA-10001534,Office Supplies,Paper,Xerox 230,12.96,2,0,6.2208
456,US-2014-159618,11/12/2014,11/16/2014,Standard Class,JS-86544,Jane Syafiq,Corporate,Malaysia,Simpang Renggam,Johor,86200,West,OFF-PA-10004100,Office Supplies,Paper,Xerox 216,36.288,7,0.2,12.7008
457,US-2015-114741,12/6/2015,12/10/2015,Standard Class,JK-17707,John Kuppusamy,Consumer,Malaysia,Seremban,Negeri Sembilan,70000,West,OFF-PA-10000048,Office Supplies,Paper,Xerox 20,6.48,1,0,3.1104
458,CA-2017-157966,3/13/2017,3/13/2017,Same Day,HN-91446,Hajjah Nurjazriena Adip binti Wan Zani,Home Office,Malaysia,Kuala Lumpur,Kuala Lumpur,53300,West,OFF-PA-10001934,Office Supplies,Paper,Xerox 1993,15.552,3,0.2,5.6376
459,CA-2014-151162,12/5/2014,12/9/2014,Standard Class,MC-85078,Muhammad Che Muhaimi Jainal bin Abdel,Corporate,Malaysia,Alor Gajah,Melaka,78000,West,OFF-PA-10001033,Office Supplies,Paper,Xerox 1893,98.376,3,0.2,35.6613
460,CA-2017-168179,11/2/2017,11/7/2017,Standard Class,MG-93725,M. G. G.  Balachandra,Consumer,Malaysia,Kuala Lumpur,Kuala Lumpur,53300,West,OFF-PA-10001800,Office Supplies,Paper,Xerox 220,19.44,3,0,9.3312
461,CA-2017-142342,7/17/2017,7/19/2017,Second Class,GP-17572,G. Prashanthini,Corporate,Malaysia,Bukit Mertajam,Pulau Pinang,14000,West,OFF-PA-10004609,Office Supplies,Paper,Xerox 221,32.4,5,0,15.552
462,CA-2017-109099,10/6/2017,10/11/2017,Standard Class,YM-91188,Yam Mo Lex,Corporate,Malaysia,Kuantan,Pahang,25700,West,OFF-PA-10001033,Office Supplies,Paper,Xerox 1893,40.99,1,0,20.0851
463,CA-2017-127922,10/27/2017,11/3/2017,Standard Class,MH-77325,Muhammad Hj Syed Syuqeri Zamree,Corporate,Malaysia,Kulai,Johor,81000,West,OFF-PA-10001204,Office Supplies,Paper,Xerox 1972,8.448,2,0.2,2.64
464,CA-2016-146318,1/22/2016,1/27/2016,Standard Class,JA-41728,Jane Ariffin,Consumer,Malaysia,Bagan Serai,Perak,34300,West,OFF-PA-10003953,Office Supplies,Paper,Xerox 218,12.96,2,0,6.2208
465,CA-2016-143924,7/28/2016,8/3/2016,Standard Class,TS-62294,Tee Siong Shau,Home Office,Malaysia,Bandar Seri Iskandar,Perak,32610,West,OFF-PA-10002120,Office Supplies,Paper,Xerox 1889,109.92,2,0,53.8608
466,CA-2016-141551,9/24/2016,9/30/2016,Standard Class,SK-32212,Seah Ke Yut,Consumer,Malaysia,Seremban,Negeri Sembilan,70000,West,OFF-PA-10001569,Office Supplies,Paper,Xerox 232,6.48,1,0,3.1104
467,CA-2014-164315,4/2/2014,4/8/2014,Standard Class,JB-36443,John Bai,Consumer,Malaysia,Kuala Krau,Pahang,28050,West,OFF-PA-10004248,Office Supplies,Paper,Xerox 1990,15.84,3,0,7.128
468,CA-2017-148320,11/3/2017,11/8/2017,Standard Class,JC-73425,Jane Cheah,Consumer,Malaysia,Kangar,Perlis,1000,West,OFF-PA-10003022,Office Supplies,Paper,Xerox 1992,35.88,6,0,17.5812
469,US-2015-160857,5/8/2015,5/15/2015,Standard Class,JK-50368,John Kandasamy,Consumer,Malaysia,Arau,Perlis,2600,West,OFF-PA-10003363,Office Supplies,Paper,Xerox 204,19.44,3,0,9.3312
470,CA-2016-165820,9/26/2016,9/30/2016,Standard Class,KP-48411,Kok Peh Chung,Corporate,Malaysia,Kuala Penyu,Sabah,89740,East,OFF-PA-10004735,Office Supplies,Paper,Xerox 1905,12.96,2,0,6.2208
471,US-2017-147886,3/28/2017,3/31/2017,First Class,HB-90742,Hakimah binti Nik Jasin,Corporate,Malaysia,Gombak,Kuala Lumpur,53100,West,OFF-PA-10000232,Office Supplies,Paper,Xerox 1975,12.96,2,0,6.3504
472,US-2017-147886,3/28/2017,3/31/2017,First Class,RS-20379,R. S.  Veerasenan,Corporate,Malaysia,Senai,Johor,81400,West,OFF-PA-10003651,Office Supplies,Paper,Xerox 1968,26.72,4,0,12.8256
473,US-2017-147886,3/28/2017,3/31/2017,First Class,CS-10430,Chua Su Kuong,Corporate,Malaysia,Gua Musang,Kelantan,18300,West,OFF-PA-10000743,Office Supplies,Paper,Xerox 1977,20.04,3,0,9.6192
474,CA-2016-112060,12/4/2016,12/9/2016,Standard Class,YB-45262,Yip Bow Zhai,Consumer,Malaysia,Seremban,Negeri Sembilan,70000,West,OFF-PA-10000994,Office Supplies,Paper,Xerox 1915,104.85,1,0,50.328
475,CA-2014-123225,7/11/2014,7/14/2014,First Class,SA-18115,Sannatasah Autherapady,Consumer,Malaysia,Gelang Patah,Johor,81550,West,OFF-PA-10000552,Office Supplies,Paper,Xerox 200,10.368,2,0.2,3.6288
476,CA-2015-150196,7/2/2015,7/3/2015,First Class,LZ-15795,Lai Zai Looi,Home Office,Malaysia,Ketereh,Kelantan,16450,West,OFF-PA-10003797,Office Supplies,Paper,Xerox 209,19.44,3,0,9.3312
477,CA-2017-161067,9/3/2017,9/6/2017,Second Class,MK-54714,M. K. Zabrina,Home Office,Malaysia, Ayer Keroh,Melaka,75450,West,OFF-PA-10000418,Office Supplies,Paper,Xerox 189,419.4,4,0,201.312
478,CA-2015-134992,9/22/2015,9/26/2015,Second Class,HZ-95963,Haji Zakaria bin Nik Nazeri Alias,Home Office,Malaysia,Ayer Lanas,Kelantan,17700,West,OFF-PA-10001972,Office Supplies,Paper,Xerox 214,32.4,5,0,15.552
479,CA-2015-126725,11/17/2015,11/21/2015,Standard Class,JK-62018,John Kang,Consumer,Malaysia,Alor Gajah,Melaka,78000,West,OFF-PA-10001639,Office Supplies,Paper,Xerox 203,32.4,5,0,15.552
480,CA-2015-157434,4/29/2015,5/4/2015,Second Class,YJ-79764,Yeow Jia Kuong,Home Office,Malaysia,Pekan Nanas,Johor,81500,West,OFF-PA-10001526,Office Supplies,Paper,Xerox 1949,7.968,2,0.2,2.8884
481,CA-2016-101525,5/1/2016,5/4/2016,Second Class,VV-18674,V.  Viswalingam,Consumer,Malaysia,Alor Gajah,Melaka,78000,West,OFF-PA-10001497,Office Supplies,Paper,Xerox 1914,109.92,2,0,53.8608
482,CA-2016-101525,5/1/2016,5/4/2016,Second Class,RY-23564,Roger Yap Thoo Quen,Consumer,Malaysia,Bintulu,Sarawak,97000,East,OFF-PA-10003936,Office Supplies,Paper,Xerox 1994,19.44,3,0,9.3312
483,CA-2014-152443,5/21/2014,5/26/2014,Standard Class,NH-90747,Nor Hajjah Hannani binti A.r,Home Office,Malaysia,Sandakan,Sabah,90000,East,OFF-PA-10003022,Office Supplies,Paper,Xerox 1992,17.94,3,0,8.7906
484,CA-2016-133319,9/5/2016,9/11/2016,Standard Class,GR-93924,G.  Rajeswary,Consumer,Malaysia,Batu Gajah,Perak,31000,West,OFF-PA-10001815,Office Supplies,Paper,Xerox 1885,192.16,4,0,92.2368
485,CA-2016-133935,9/18/2016,9/22/2016,Standard Class,KL-66549,Ko Le Tiek,Corporate,Malaysia,Batu Kurau,Perak,34500,West,OFF-PA-10000100,Office Supplies,Paper,Xerox 1945,368.91,9,0,180.7659
486,CA-2015-147879,5/7/2015,5/12/2015,Standard Class,PA-79964,Padathan a/l Yugendran Nijhar,Consumer,Malaysia,Sipitang,Sabah,89850,East,OFF-PA-10001952,Office Supplies,Paper,Xerox 1902,45.68,2,0,21.0128
487,CA-2016-146157,11/21/2016,11/26/2016,Standard Class,MJ-63007,Muhamed Jamaluddin Moktar bin Maslan,Consumer,Malaysia,Maran,Pahang,26500,West,OFF-PA-10001790,Office Supplies,Paper,Xerox 1910,38.432,1,0.2,13.4512
488,US-2017-153948,11/6/2017,11/6/2017,Same Day,FL-15320,Fam Leow Huan,Home Office,Malaysia,Maran,Pahang,26500,West,OFF-PA-10000157,Office Supplies,Paper,Xerox 191,59.94,3,0,28.1718
489,US-2017-169551,7/7/2017,7/9/2017,First Class,LC-87661,Liao Cek Woo,Consumer,Malaysia,Pulau Pinang,Pulau Pinang,30318,West,OFF-PA-10004100,Office Supplies,Paper,Xerox 216,15.552,3,0.2,5.4432
490,CA-2014-104178,8/25/2014,8/29/2014,Standard Class,PN-71291,Phor Nan Leow,Corporate,Malaysia,Kuching,Sabah,93000,East,OFF-PA-10004983,Office Supplies,Paper,Xerox 23,25.92,4,0,12.4416
491,US-2017-141698,4/15/2017,4/21/2017,Standard Class,NH-50420,Nuur Hanni binti Nik Iqbal Bella,Home Office,Malaysia,Pagoh,Johor,84600,West,OFF-PA-10001826,Office Supplies,Paper,Xerox 207,20.736,4,0.2,7.2576
492,CA-2014-140732,11/11/2014,11/13/2014,Second Class,AM-74418,Alina Mu binti Yushafiq,Home Office,Malaysia,Kuala Lumpur,Kuala Lumpur,53300,West,OFF-PA-10003625,Office Supplies,Paper,Xerox 1979,123.92,4,0,55.764
493,CA-2016-166912,1/15/2016,1/17/2016,First Class,LR-96191,Leow Ron Deng,Home Office,Malaysia,Menumbok,Sabah,89760,East,OFF-PA-10001033,Office Supplies,Paper,Xerox 1893,81.98,2,0,40.1702
494,CA-2014-141726,7/20/2014,7/22/2014,First Class,LC-43420,Leau Chun Sung,Consumer,Malaysia,Putrajaya,Putrajaya,62100,West,OFF-PA-10000418,Office Supplies,Paper,Xerox 189,104.85,1,0,50.328
495,CA-2014-141726,7/20/2014,7/22/2014,First Class,YB-71865,Yeow Bik Khu,Consumer,Malaysia,Pasir Gudang,Johor,81700,West,OFF-PA-10002230,Office Supplies,Paper,Xerox 1897,19.92,4,0,9.7608
496,CA-2016-114895,11/21/2016,11/28/2016,Standard Class,UA-30988,Uthayakumar a/l Sarath Ravindran,Consumer,Malaysia,Kota Bharu,Kelantan,15150,West,OFF-PA-10000232,Office Supplies,Paper,Xerox 1975,12.96,2,0,6.3504
497,CA-2017-112984,9/16/2017,9/18/2017,Second Class,VA-65555,Vasudevan a/l Yosri,Consumer,Malaysia,Kota Kinabatangan,Sabah,19143,East,OFF-PA-10003657,Office Supplies,Paper,Xerox 1927,20.544,6,0.2,6.42
498,CA-2016-163776,7/19/2016,7/25/2016,Standard Class,GA-53976,Gheetha a/l Nandakumar,Consumer,Malaysia,Imbi,Kuala Lumpur,55100,West,OFF-PA-10001033,Office Supplies,Paper,Xerox 1893,245.94,6,0,120.5106
499,US-2014-112991,12/10/2014,12/14/2014,Standard Class,NA-96233,Noor Awatiff binti Che Sarudin,Corporate,Malaysia,Bahau,Negeri Sembilan,72100,West,OFF-PA-10000019,Office Supplies,Paper,Xerox 1931,25.92,4,0,12.4416
500,CA-2015-135580,12/30/2015,1/3/2016,Standard Class,KC-83598,Kathleen Chieng Tam Ni,Consumer,Malaysia,Kuantan,Pahang,25700,West,OFF-PA-10000595,Office Supplies,Paper,Xerox 1929,68.52,3,0,31.5192